@book{adams1995hitchhiker,
  title={The Hitchhiker's Guide to the Galaxy},
  author={Adams, D.},
  isbn={9781417642595},
  url={http://books.google.com/books?id=W-xMPgAACAAJ},
  year={1995},
  publisher={San Val}
}
@book{spivak,
title={Calculus on Manifolds},
author={Michael Spivak},
  volume={1},
year={1965},
publisher={WA Benjamin New York}
}

@book{Davis,
title={Fourier series and orthogonal functions},
author={Harry F. Davis}
}

@book{Shifrin2015,
title={Differential geometry: a first course in curves and surfaces},
author={Theodore Shifrin}
}

@book{Walschap,
title={Multivariable calculus and differential geometry},
author={Gerard Walschap}
}

@book{walschap2015multivariable,
	title={Multivariable Calculus and Differential Geometry},
	author={Walschap, G.},
	isbn={9783110369540},
	series={De Gruyter Textbook},
	url={https://books.google.com/books?id=cXPyCQAAQBAJ},
	year={2015},
	publisher={De Gruyter}
}

@book{Mendelson,
title={Introduction to topology},
author={Bert Mendelson}
}

@article{Fletcher,
title={Gaussian Distributions on Lie Groups and Their Application to Statistical Shape Analysis},
author={P. Thomas Fletcher et al}
}

@article{Xu2012,
file = {:C$\backslash$:/Users/yuguangyang/AppData/Local/Mendeley Ltd./Mendeley Desktop/Downloaded/Xu, Ma - 2012 - Applications of Lie groups and Lie algebra to computer vision A brief survey.pdf:pdf},
isbn = {978-1-4673-0199-2},
journal = {Systems and Informatics (ICSAI), 2012 International Conference on},
keywords = {lie algebra,lie groups,transformation matrix},
mendeley-groups = {ModernMath},
number = {Icsai},
pages = {2024--2029},
title = {{Applications of Lie groups and Lie algebra to computer vision: A brief survey}},
url = {http://ieeexplore.ieee.org/lpdocs/epic03/wrapper.htm?arnumber=6223449},
year = {2012}
}

@article{Manton2013,
journal = {IEEE Journal of Selected Topics in Signal Processing},
number = {4},
pages = {681--699},
title = {A Primer on Stochastic Differential Geometry for Signal Processing},
url = {http://ieeexplore.ieee.org/lpdocs/epic03/wrapper.htm?arnumber=6519312},
volume = {7},
year = {2013}
}

@article{Pennec2006,
author = {Pennec, Xavier},
doi = {10.1007/s10851-006-6228-4},
file = {:home/yuguangyang/.local/share/data/Mendeley Ltd./Mendeley Desktop/Downloaded/Pennec - 2006 - Intrinsic statistics on Riemannian manifolds Basic tools for geometric measurements.pdf:pdf;:home/yuguangyang/.local/share/data/Mendeley Ltd./Mendeley Desktop/Downloaded/Pennec - 2006 - Intrinsic statistics on Riemannian manifolds Basic tools for geometric measurements(2).pdf:pdf},
isbn = {975 518 133 4},
issn = {09249907},
journal = {Journal of Mathematical Imaging and Vision},
keywords = {Computing on manifolds,Covariance,Frechet mean,Geometry,Riemannian manifolds,Statistics},
mendeley-groups = {ModernMath},
number = {1},
pages = {127--154},
title = {{Intrinsic statistics on Riemannian manifolds: Basic tools for geometric measurements}},
volume = {25},
year = {2006}
}

@book{chirikjian2011stochastic,
  title={Stochastic Models, Information Theory, and Lie Groups, Volume 2: Analytic Methods and Modern Applications},
  author={Chirikjian, Gregory S},
  volume={2},
  year={2011},
  publisher={Springer Science \& Business Media}
}

@book{chirikjian2011stochastic1,
  title={Stochastic Models, Information Theory, and Lie Groups, Volume 1: Classical Results and Geometric Methods},
  author={Chirikjian, Gregory S},
  volume={1},
  year={2011},
  publisher={Springer Science \& Business Media}
}

@book{rosenthal2006first,
  title={A first look at rigorous probability theory},
  author={Rosenthal, Jeffrey Seth},
  year={2006},
  publisher={World Scientific}
}

@article{hoggintroduction,
  title={Introduction to Mathematical Statistics, 7 ed},
  author={Hogg, Robert V and McKean, Joseph and Craig, Allen T},
  publisher={Pearson Education},

  year={2012},
}

 @misc{ wiki:Dirichlet,
   author = "Wikipedia",
   title = "Dirichlet conditions --- Wikipedia{,} The Free Encyclopedia",
   year = "2016",
   url = "https://en.wikipedia.org/w/index.php?title=Dirichlet_conditions&oldid=699962273",
   note = "[Online; accessed 17-May-2016]"
 }
 
 
 @misc{ wiki:continuous,
   author = "Wikipedia",
   title = "Continuous function --- Wikipedia{,} The Free Encyclopedia",
   year = "2016",
   url = "\url{https://en.wikipedia.org/w/index.php?title=Continuous_function&oldid=719749891}",
   note = "[Online; accessed 17-May-2016]"
 }
 
 @article{chirikjianstochastic,
  title={STOCHASTIC MODELS, INFORMATION THEORY, AND LIE GROUPS, Vol 1.},
  author={Chirikjian, GS}
}

@book{mathanalysischinese,
  title={mathematical analysis (Chinese)},
  author={XuaDong normal university},
  year={2001},
  publisher={higher education press}
}

@article{prosperetti2013advanced,
  title={Advanced mathematics for applications},
  author={Prosperetti, Andrea},
  journal={SIAM Review Vol. 55, Issue 2 (June 2013)},
  volume={55},
  number={2},
  pages={403},
  year={2013},
  publisher={SIAM}
}

@book{davis1989fourier,
  title={Fourier series and orthogonal functions},
  author={Davis, Harry F},
  year={1989},
  publisher={Courier Corporation}
}

@book{krim2015geometric,
  title={Geometric methods in signal and image analysis},
  author={Krim, Hamid and Hamza, Abdessamad Ben},
  year={2015},
  publisher={Cambridge University Press}
}

 @misc{ wiki:homomorphism,
   author = "Wikipedia",
   title = "Homomorphism --- Wikipedia{,} The Free Encyclopedia",
   year = "2016",
   url = "\url{https://en.wikipedia.org/w/index.php?title=Homomorphism&oldid=699443243}",
   note = "[Online; accessed 17-May-2016]"
 }
 
 @inproceedings{long2012banana,
  title={The Banana Distribution is Gaussian: A Localization Study with Exponential Coordinates.},
  author={Long, Andrew W and Wolfe, Kevin C and Mashner, Michael and Chirikjian, Gregory S},
  booktitle={Robotics: science and systems},
  year={2012}
}


@book{stefanica2008primer,
  title={A primer for the Mathematics of Financial Engineering},
  author={Stefanica, Dan},
  year={2008},
  publisher={Fe Press}
}


 @misc{ wiki:Borelset,
   author = "Wikipedia",
   title = "Borel set --- Wikipedia{,} The Free Encyclopedia",
   year = "2016",
   url = "\url{https://en.wikipedia.org/w/index.php?title=Borel_set&oldid=697808826}",
   note = "[Online; accessed 18-May-2016]"
 }
 
 @book{fries2007mathematical,
  title={Mathematical finance: theory, modeling, implementation},
  author={Fries, Christian},
  year={2007},
  publisher={John Wiley \& Sons}
}

 @misc{ wiki:measure,
   author = "Wikipedia",
   title = "Measure (mathematics) --- Wikipedia{,} The Free Encyclopedia",
   year = "2016",
   url = "https://en.wikipedia.org/w/index.php?title=Measure_(mathematics)&oldid=705572763",
   note = "[Online; accessed 18-May-2016]"
 }
 
 @book{rosenthal2006first,
  title={A first look at rigorous probability theory},
  author={Rosenthal, Jeffrey Seth},
  year={2006},
  publisher={World Scientific}
}

 @misc{ wiki:openset,
   author = "Wikipedia",
   title = "Open set --- Wikipedia{,} The Free Encyclopedia",
   year = "2016",
   url = "https://en.wikipedia.org/w/index.php?title=Open_set&oldid=720273499",
   note = "[Online; accessed 22-May-2016]"
 }
 
 @book{dineen2013probability,
  title={Probability theory in finance: a mathematical guide to the Black-Scholes formula},
  author={Dineen, Se{\'a}n},
  volume={70},
  year={2013},
  publisher={American Mathematical Soc.}
}

 @book{neftci2000introduction,
  title={An introduction to the mathematics of financial derivatives},
  author={Neftci, Salih N},
  year={2000},
  publisher={Academic Press}
}

@book{carter2001foundations,
  title={Foundations of mathematical economics},
  author={Carter, Michael},
  year={2001},
  publisher={MIT Press}
}

@article{de2012understanding,
  title={Understanding convergence concepts: A visual-minded and graphical simulation-based approach},
  author={De Micheaux, Pierre Lafaye and Liquet, Benoit},
  journal={The American Statistician},
  year={2012},
  publisher={Taylor \& Francis}
}

@article{johnsonbaugh2010foundations,
  title={Foundations of mathematical analysis},
  author={Johnsonbaugh, Richard and Pfaffenberger, WE},
  year={2010},
  publisher={Dover}
}

@book{butcher2008numerical,
  title={Numerical Methods for Ordinary Differential Equations},
  author={Butcher, J.C.},
  isbn={9780470753750},
  url={https://books.google.com/books?id=opd2NkBmMxsC},
  year={2008},
  publisher={Wiley}
}


@book{glasserman2003monte,
  title={Monte Carlo methods in financial engineering},
  author={Glasserman, Paul},
  volume={53},
  year={2003},
  publisher={Springer Science \& Business Media}
}

 @misc{ wiki:closeset,
   author = "Wikipedia",
   title = "Closed set --- Wikipedia{,} The Free Encyclopedia",
   year = "2015",
   url = "https://en.wikipedia.org/w/index.php?title=Closed_set&oldid=681209723",
   note = "[Online; accessed 25-May-2016]"
 }
 
 @book{rynne2000linear,
  title={Linear functional analysis},
  author={Rynne, Bryan P and Youngson, Martin A},
  year={2000},
  publisher={Springer Science \& Business Media}
}

 @misc{ wiki:parseval,
   author = "Wikipedia",
   title = "Parseval's identity --- Wikipedia{,} The Free Encyclopedia",
   year = "2015",
   url = "https://en.wikipedia.org/w/index.php?title=Parseval%27s_identity&oldid=674669547",
   note = "[Online; accessed 27-May-2016]"
 }
 
 @book{casella2002statistical,
  title={Statistical inference},
  author={Casella, George and Berger, Roger L},
  volume={2},
  year={2002},
  publisher={Duxbury Pacific Grove, CA}
}

@article{jordan2002discriminative,
  title={On discriminative vs. generative classifiers: A comparison of logistic regression and naive bayes},
  author={Jordan, A},
  journal={Advances in neural information processing systems},
  volume={14},
  pages={841},
  year={2002}
}

@book{michalski2013machine,
  title={Machine learning: An artificial intelligence approach},
  author={Michalski, Ryszard S and Carbonell, Jaime G and Mitchell, Tom M},
  year={2013},
  publisher={Springer Science \& Business Media}
}

@misc{mitchell1997machine,
  title={Machine learning. WCB},
  author={Mitchell, Tom M and others},
  year={1997},
  publisher={McGraw-Hill Boston, MA:}
}

@book{cover2012elements,
  title={Elements of information theory},
  author={Cover, Thomas M and Thomas, Joy A},
  year={2012},
  publisher={John Wiley \& Sons}
}

@misc{ wiki:uniformcontinuity,
   author = "Wikipedia",
   title = "Uniform continuity --- Wikipedia{,} The Free Encyclopedia",
   year = "2016",
   url = "https://en.wikipedia.org/w/index.php?title=Uniform_continuity&oldid=720971927",
   note = "[Online; accessed 29-May-2016]"
 }
 
 @article{rasmussen2006gaussian,
  title={Gaussian processes for machine learning},
  author={Rasmussen, Carl Edward},
  year={2006},
  publisher={Citeseer}
}

@article{ankan2015mastering,
  title={Mastering probabilistic graphical models using Python},
  author={Ankan, Ankur and Panda, Abinash},
  year={2015},
  publisher={Packt Publ.}
}

@book{moon2000mathematical,
  title={Mathematical methods and algorithms for signal processing},
  author={Moon, Todd K Stirling and Wynn, C},
  number={621.39: 51 MON},
  year={2000}
}

 @misc{ wiki:lebesgueintegral,
   author = "Wikipedia",
   title = "Lebesgue integration --- Wikipedia{,} The Free Encyclopedia",
   year = "2016",
   url = "https://en.wikipedia.org/w/index.php?title=Lebesgue_integration&oldid=717765273",
   note = "[Online; accessed 2-June-2016]"
 }
 
 
 @book{shreve2004stochastic2,
  title={Stochastic calculus for finance II: Continuous-time models},
  author={Shreve, Steven E},
  volume={11},
  year={2004},
  publisher={Springer Science \& Business Media}
}

@book{shreve2004stochastic1,
  title={Stochastic Calculus for Finance I: The Binomial Asset Pricing Model},
  author={Shreve, Steven},
  year={2004},
  publisher={Springer Science \& Business Media}
}

@misc{ wiki:conditionalExp,
   author = "Wikipedia",
   title = "Conditional expectation --- Wikipedia{,} The Free Encyclopedia",
   year = "2016",
   url = "https://en.wikipedia.org/w/index.php?title=Conditional_expectation&oldid=721270714",
   note = "[Online; accessed 7-June-2016]"
 }
 
 @book{kreyszig1989introductory,
  title={Introductory functional analysis with applications},
  author={Kreyszig, Erwin},
  volume={81},
  year={1989},
  publisher={wiley New York}
}
@book{meyer2000matrix,
  title={Matrix analysis and applied linear algebra},
  author={Meyer, Carl D},
  volume={2},
  year={2000},
  publisher={Siam}
}

@book{williams1991probability,
  title={Probability with martingales},
  author={Williams, David},
  year={1991},
  publisher={Cambridge university press}
}

@book{calafiore2014optimization,
  title={Optimization Models},
  author={Calafiore, Giuseppe C and El Ghaoui, Laurent},
  year={2014},
  publisher={Cambridge university press}
}

@book{Robinson2015nonlinear,
  title={Nonlinear optimization I lecture notes},
  author={Robinson,Daniel},
  year={2015},
  publisher={Johns Hopkins University}
}

@book{Robinson2015nonlinear2,
  title={Nonlinear optimization II lecture notes},
  author={Robinson,Daniel},
  year={2015},
  publisher={Johns Hopkins University}
}

@book{Robinson2015convex,
	title={Convex optimization lecture notes},
	author={Robinson,Daniel},
	year={2015},
	publisher={Johns Hopkins University}
}


@book{Holmes-Cerfon2015applied,
  title={Applied Stochastic Analysis lecture notes},
  author={Miranda, Holmes-Cerfon},
  year={2015},
  publisher={NewYork University}
}

@inproceedings{pighin2007practical,
  title={Practical least-squares for computer graphics: Video files associated with this course are available from the citation page},
  author={Pighin, Fred and Lewis, John P},
  booktitle={ACM SIGGRAPH 2007 courses},
  pages={1--57},
  year={2007},
  organization={ACM}
}

@book{Lalley2001mathematical,
  title={The mathematics of financial derivatives: a student introduction},
  author={Steve Lalley},
  year={2001},
  publisher={Chicago University Statistics 390/ Mathematical Finance 345}
}

@book{shreve2012stochastic1,
  title={Stochastic Calculus for Finance I: The Binomial Asset Pricing Model},
  author={Shreve, Steven},
  year={2012},
  publisher={Springer Science \& Business Media}
}

@book{shreve2004stochastic2,
  title={Stochastic calculus for finance II: Continuous-time models},
  author={Shreve, Steven E},
  volume={11},
  year={2004},
  publisher={Springer Science \& Business Media}
}

@book{khalil1996nonlinear,
  title={Nonlinear systems, 3rd edition},
  author={Khalil, Hassan K},
  volume={3},
  year={2002},
  publisher={Prentice Hall}
}


@book{Sigman2009stochastic,
  title={Stochastic modeling I lecture notes},
  author={Karl, Sigman},
  year={2009},
  publisher={Columbia University}
}

@book{mitzenmacher2005probability,
  title={Probability and computing: Randomized algorithms and probabilistic analysis},
  author={Mitzenmacher, Michael and Upfal, Eli},
  year={2005},
  publisher={Cambridge University Press}
}

@book{luenberger1979introduction,
  title={Introduction to dynamic systems: theory, models, and applications},
  author={Luenberger, D},
  year={1979},
  publisher={Wiley}
}

@misc{ wiki:markovprocess,
   author = "Wikipedia",
   title = "Markov process --- Wikipedia{,} The Free Encyclopedia",
   year = "2016",
   url = "https://en.wikipedia.org/w/index.php?title=Markov_process&oldid=712058457",
   note = "[Online; accessed 28-June-2016]"
 }
 
 @book{pavliotis2014stochastic,
  title={Stochastic Processes and Applications: Diffusion Processes, the Fokker-Planck and Langevin Equations},
  author={Pavliotis, Grigorios A},
  volume={60},
  year={2014},
  publisher={Springer}
}

@book{kroese2013handbook,
  title={Handbook of monte carlo methods},
  author={Kroese, Dirk P and Taimre, Thomas and Botev, Zdravko I},
  volume={706},
  year={2013},
  publisher={John Wiley \& Sons}
}

@book{dunn2011exploring,
  title={Exploring Monte Carlo Methods},
  author={Dunn, William L and Shultis, J Kenneth},
  year={2011},
  publisher={Elsevier}
}

@book{cinlar2013introduction,
  title={Introduction to Stochastic Processes},
  author={Cinlar, E.},
  isbn={9780486497976},
  lccn={2012028204},
  series={Dover Books on Mathematics Series},
  url={https://books.google.com/books?id=GJnUwEBTki0C},
  year={2013},
  publisher={Dover Publications, Incorporated}
}


@book{zhu2004derivative,
  title={Derivative securities and difference methods},
  author={Zhu, You-lan and Wu, Xiaonan and Chern, I-Liang and Sun, Zhi-zhong},
  year={2004},
  publisher={Springer}
}

@book{miranda2004applied,
  title={Applied computational economics and finance},
  author={Miranda, Mario J and Fackler, Paul L},
  year={2004},
  publisher={MIT press}
}

@book{pawitan2001all,
  title={In all likelihood: statistical modelling and inference using likelihood},
  author={Pawitan, Yudi},
  year={2001},
  publisher={Oxford University Press}
}

@book{privault2013understanding,
  title={Understanding Markov Chains: Examples and Applications},
  author={Privault, N.},
  isbn={9789814451505},
  lccn={2013942497},
  series={Springer Undergraduate Mathematics Series},
  url={https://books.google.com/books?id=THyZmAEACAAJ},
  year={2013},
  publisher={Springer Singapore}
}


@book{kaplan1973advanced,
  title={Advanced calculus},
  author={Kaplan, Wilfred},
  year={1973},
  publisher={Addison Wesley Publishing Company}
}

@book{Howlett2001@vector,
  title={Vector space theory},
  author={Robert, Howlett},
  year={2001},
  publisher={The University of Sydney}
}


@article{leyton2008essentials,
  title={Essentials of game theory: A concise multidisciplinary introduction},
  author={Leyton-Brown, Kevin and Shoham, Yoav},
  journal={Synthesis Lectures on Artificial Intelligence and Machine Learning},
  volume={2},
  number={1},
  pages={1--88},
  year={2008},
  publisher={Morgan \& Claypool Publishers}
}

@book{chang2004stochastic,
  title={Stochastic optimization in continuous time},
  author={Chang, Fwu-Ranq},
  year={2004},
  publisher={Cambridge University Press}
}

@book{coddington1997linear,
  title={Linear ordinary differential equations},
  author={Coddington, Earl A and Carlson, Robert},
  year={1997},
  publisher={SIAM}
}

@book{lax2014functional,
  title={Functional Analysis},
  author={Lax, P.D.},
  isbn={9781118626740},
  series={Pure and Applied Mathematics: A Wiley Series of Texts, Monographs and Tracts},
  url={https://books.google.com/books?id=e\_BjBAAAQBAJ},
  year={2014},
  publisher={Wiley}
}

@book{larsson2008partial,
  title={Partial differential equations with numerical methods},
  author={Larsson, Stig and Thom{\'e}e, Vidar},
  volume={45},
  year={2008},
  publisher={Springer Science \& Business Media}
}

@book{sauer2012numerical,
  title={Numerical Analysis},
  author={Sauer, T.},
  isbn={9780321816764},
  series={Books a la Carte},
  url={https://books.google.com/books?id=XBW5uAAACAAJ},
  year={2012},
  publisher={Pearson Education}
}

@book{platen2010numerical,
  title={Numerical solution of stochastic differential equations with jumps in finance},
  author={Platen, Eckhard and Bruti-Liberati, Nicola},
  volume={64},
  year={2010},
  publisher={Springer Science \& Business Media}
}

@book{duan2011handbook,
  title={Handbook of computational finance},
  author={Duan, Jin-Chuan and H{\"a}rdle, Wolfgang Karl and Gentle, James E},
  year={2011},
  publisher={Springer Science \& Business Media}
}

@book{brzezniak1999basic,
  title={Basic stochastic processes: a course through exercises},
  author={Brzezniak, Zdzislaw and Zastawniak, Tomasz},
  year={1999},
  publisher={Springer Science \& Business Media}
}


@book{oksendal2013stochastic,
  title={Stochastic differential equations: an introduction with applications},
  author={Oksendal, Bernt},
  year={2013},
  publisher={Springer Science \& Business Media}
}

@book{ma1999forward,
  title={Forward-backward stochastic differential equations and their applications},
  author={Ma, Jin and Yong, Jiongmin},
  number={1702},
  year={1999},
  publisher={Springer Science \& Business Media}
}

@article{shiryaev1996probability,
  title={Probability: Volume 1 (Graduate Texts in Mathematics)},
  author={Shiryaev, Albert N},
  year={1996}
}

@article{evans2006introduction,
  title={An introduction to stochastic differential equations version 1.2},
  author={Evans, Lawrence C},
  journal={Lecture Notes, UC Berkeley},
  year={2006}
}

@techreport{ladd2011some,
  title={Some Applications of Martingales to Probability Theory},
  author={Ladd, WATSON},
  year={2011},
  institution={Technical Report, University of Chicago}
}

@book{mikosch1998elementary,
  title={Elementary stochastic calculus with finance in view},
  author={Mikosch, Thomas},
  year={1998},
  publisher={World scientific}
}

@book{wiersema2008brownian,
  title={Brownian motion calculus},
  author={Wiersema, Ubbo F},
  year={2008},
  publisher={John Wiley \& Sons}
}

@book{bickford1990first,
  title={A first course in the finite element method},
  author={Bickford, William},
  year={1990},
  publisher={Irwin}
}

@book{larson2013finite,
  title={The Finite Element Method: Theory, Implementation, and Applications},
  author={Larson, M.G. and Bengzon, F.},
  isbn={9783642332876},
  lccn={2012954548},
  series={Texts in Computational Science and Engineering},
  url={https://books.google.com/books?id=Vek\_AAAAQBAJ},
  year={2013},
  publisher={Springer Berlin Heidelberg}
}

@book{seydel2006tools,
  title={Tools for computational finance},
  author={Seydel, R{\"u}diger and Seydel, Rudiger},
  volume={69},
  year={2006},
  publisher={Springer}
}

@book{koralov2007theory,
  title={Theory of probability and random processes},
  author={Koralov, Leonid and Sinai, Yakov G},
  year={2007},
  publisher={Springer Science \& Business Media}
}

@book{luenberger1969optimization,
  title={Optimization by vector space methods},
  author={Luenberger, David G},
  year={1969},
  publisher={John Wiley \& Sons}
}

@book{calin2012introduction,
  title={An Introduction to Stochastic Calculus with Applications to finance},
  author={calin, Ovidiu},
  year={2012},
  publisher={Eastern Michigan University}
}

 @misc{ wiki:Gronwall,
   author = "Wikipedia",
   title = "Gronwall's inequality --- Wikipedia{,} The Free Encyclopedia",
   year = "2016",
   url = "https://en.wikipedia.org/w/index.php?title=Gr%C3%B6nwall%27s_inequality&oldid=717747531",
   note = "[Online; accessed 10-July-2016]"
 }
 
 @book{klebaner2005introduction,
  title={Introduction to Stochastic Calculus with Applications},
  author={Klebaner, Fima C},
  year={2005},
  publisher={Imperial College Press}
}

@book{hamilton1994time,
  title={Time series analysis},
  author={Hamilton, James Douglas},
  volume={2},
  year={1994},
  publisher={Princeton university press Princeton}
}
@book{brockwell2002introduction,
  title={Introduction to time series and forecasting},
  author={Brockwell, Peter J and Davis, Richard A},
  year={2002},
  publisher={Springer Science \& Business Media}
}

@book{brockwell1991time,
  title={Time series: theory and methods},
  author={Brockwell, Peter J and Davis, Richard A},
  year={1991},
  publisher={Springer Science \& Business Media}
}

@book{young2005essentials,
  title={Essentials of statistical inference},
  author={Young, G Alastair and Smith, Richard L},
  volume={16},
  year={2005},
  publisher={Cambridge University Press}
}

@book{axler2015linear,
  title={Linear algebra done right},
  author={Axler, Sheldon Jay},
  volume={2},
  publisher={Springer}
}

@book{abbott2001understanding,
  title={Understanding analysis},
  author={Abbott, Stephen},
  year={2001},
  publisher={Springer}
}


@book{lehmann1999elements,
  title={Elements of large-sample theory},
  author={Lehmann, Erich Leo},
  year={1999},
  publisher={Springer Science \& Business Media}
}

@book{fleming2006controlled,
  title={Controlled Markov processes and viscosity solutions},
  author={Fleming, Wendell H and Soner, Halil Mete},
  volume={25},
  year={2006},
  publisher={Springer Science \& Business Media}
}

@book{kirk2012optimal,
  title={Optimal control theory: an introduction},
  author={Kirk, Donald E},
  year={2012},
  publisher={Courier Corporation}
}

@book{armstrong2013groups,
  title={Groups and symmetry},
  author={Armstrong, Mark A},
  year={2013},
  publisher={Springer Science \& Business Media}
}

@book{bickel2015mathematical,
  title={Mathematical statistics: basic ideas and selected topics},
  author={Bickel, Peter J and Doksum, Kjell A},
  volume={2},
  year={2015},
  publisher={CRC Press}
}

@book{sundaram1996first,
  title={A first course in optimization theory},
  author={Sundaram, Rangarajan K},
  year={1996},
  publisher={Cambridge university press}
}

@book{kreyszig2013differential,
  title={Differential Geometry},
  author={Kreyszig, E.},
  isbn={9780486318622},
  series={Dover Books on Mathematics},
  url={https://books.google.com/books?id=Vw3CAgAAQBAJ},
  year={2013},
  publisher={Dover Publications}
}


@article{chatfield2003analysis,
  title={The Analysis of Time Series: An Introduction, (Chapman \& Hall/CRC Texts in Statistical Science)},
  author={Chatfield, Chris},
  year={2003},
  publisher={Chapman and Hall/CRC}
}

@book{box2015time,
  title={Time series analysis: forecasting and control},
  author={Box, George EP and Jenkins, Gwilym M and Reinsel, Gregory C and Ljung, Greta M},
  year={2015},
  publisher={John Wiley \& Sons}
}

 @misc{ wiki:seasonality,
   author = "Wikipedia",
   title = "Seasonality --- Wikipedia{,} The Free Encyclopedia",
   year = "2016",
   url = "https://en.wikipedia.org/w/index.php?title=Seasonality&oldid=726166150",
   note = "[Online; accessed 25-July-2016]"
 }
 
 @book{grimmett2001probability,
  title={Probability and Random Processes},
  author={Grimmett, G. and Stirzaker, D.},
  isbn={9780198572220},
  lccn={00103406},
  series={Probability and Random Processes},
  url={https://books.google.com/books?id=G3ig-0M4wSIC},
  year={2001},
  publisher={OUP Oxford}
}
@book{hammack2013book,
  title={Book of Proof},
  author={Hammack, Richard H},
  year={2013},
  publisher={Richard Hammack}
}

@book{cowpertwait2009introductory,
  title={Introductory time series with R},
  author={Cowpertwait, Paul SP and Metcalfe, Andrew V},
  year={2009},
  publisher={Springer Science \& Business Media}
}

@book{pham2009continuous,
  title={Continuous-time stochastic control and optimization with financial applications},
  author={Pham, Huy{\^e}n},
  volume={61},
  year={2009},
  publisher={Springer Science \& Business Media}
}

@book{bertsimas1997introduction,
  title={Introduction to linear optimization},
  author={Bertsimas, Dimitris and Tsitsiklis, John N},
  volume={6},
  year={1997},
  publisher={Athena Scientific Belmont, MA}
}


@book{stein2011fourier,
  title={Fourier Analysis: An Introduction},
  author={Stein, E.M. and Shakarchi, R.},
  isbn={9781400831234},
  series={Princeton lectures in analysis},
  url={https://books.google.com/books?id=FAOc24bTfGkC},
  year={2011},
  publisher={Princeton University Press}
}


@misc{ wiki:fourierconvergence,
   author = "Wikipedia",
   title = "Convergence of Fourier series --- Wikipedia{,} The Free Encyclopedia",
   year = "2015",
   url = "https://en.wikipedia.org/w/index.php?title=Convergence_of_Fourier_series&oldid=687840470",
   note = "[Online; accessed 31-July-2016]"
 }
 
 @book{pinter2012book,
  title={A Book of Abstract Algebra: Second Edition},
  author={Pinter, C.C.},
  isbn={9780486134796},
  url={https://books.google.com/books?id=qviuEUavE4IC},
  year={2012},
  publisher={Dover Publications}
}

@book{tsay2005analysis,
  title={Analysis of financial time series},
  author={Tsay, Ruey S},
  volume={543},
  year={2005},
  publisher={John Wiley \& Sons}
}


@book{tsay2013multivariate,
  title={Multivariate time series analysis: with R and financial applications},
  author={Tsay, Ruey S},
  year={2013},
  publisher={John Wiley \& Sons}
}


@book{shumway2010time,
  title={Time series analysis and its applications: with R examples},
  author={Shumway, Robert H and Stoffer, David S},
  year={2010},
  publisher={Springer Science \& Business Media}
}

@misc{ wiki:algebraicRiccati,
   author = "Wikipedia",
   title = "Algebraic Riccati equation --- Wikipedia{,} The Free Encyclopedia",
   year = "2016",
   url = "https://en.wikipedia.org/w/index.php?title=Algebraic_Riccati_equation&oldid=720123532",
   note = "[Online; accessed 1-August-2016]"
 }
 
 @book{bertsekas2012dynamic,
  title={Dynamic Programming and Optimal Control},
  author={Bertsekas, D.P.},
  isbn={9781886529083},
  url={https://books.google.com/books?id=QhbVoAEACAAJ},
  year={2012},
  publisher={Athena Scientific}
}
@book{powell1981approximation,
  title={Approximation theory and methods},
  author={Powell, Michael James David},
  year={1981},
  publisher={Cambridge university press}
}

@book{griffel2002applied,
  title={Applied functional analysis},
  author={Griffel, David H},
  year={2002},
  publisher={Courier Corporation}
}

@book{ok2007real,
  title={Real analysis with economic applications},
  author={Ok, Efe A},
  volume={10},
  year={2007},
  publisher={Princeton University Press}
}

@book{naylor2000linear,
  title={Linear operator theory in engineering and science},
  author={Naylor, Arch W and Sell, George R},
  year={2000},
  publisher={Springer Science \& Business Media}
}

@article{mordukhovich2013easy,
  title={An easy path to convex analysis and applications},
  author={Mordukhovich, Boris S and Nam, Nguyen Mau},
  journal={Synthesis Lectures on Mathematics and Statistics},
  volume={6},
  number={2},
  pages={1--218},
  year={2013},
  publisher={Morgan \& Claypool Publishers}
}

@book{strichartz2000way,
  title={The way of analysis},
  author={Strichartz, Robert S},
  year={2000},
  publisher={Jones \& Bartlett Learning}
}


@book{banerjee2014linear,
  title={Linear algebra and matrix analysis for statistics},
  author={Banerjee, Sudipto and Roy, Anindya},
  year={2014},
  publisher={CRC Press}
}

@book{horn2012matrix,
  title={Matrix analysis},
  author={Horn, Roger A and Johnson, Charles R},
  year={2012},
  publisher={Cambridge university press}
}

@article{ma2002generalized,
  title={Generalized principal component analysis},
  author={Ma, Yi and Vidal, Ren{\'e}},
  journal={Unpublished Notes},
  year={2002}
}

@misc{mitchell1997machine,
  title={Machine learning. WCB},
  author={Mitchell, Tom M and others},
  year={1997},
  publisher={McGraw-Hill Boston, MA:}
}

@book{mohri2012foundations,
  title={Foundations of machine learning},
  author={Mohri, Mehryar and Rostamizadeh, Afshin and Talwalkar, Ameet},
  year={2012},
  publisher={MIT press}
}

@book{holmes2007introduction,
  title={Introduction to Numerical Methods in Differential Equations},
  author={Holmes, M.H.},
  isbn={9780387681214},
  lccn={2006927786},
  series={Texts in Applied Mathematics},
  url={https://books.google.com/books?id=saIpl99g\_tgC},
  year={2007},
  publisher={Springer New York}
}


@book{griffiths2015essential,
  title={Essential Partial Differential Equations: Analytical and Computational Aspects},
  author={Griffiths, D.F. and Dold, J.W. and Silvester, D.J.},
  isbn={9783319225692},
  series={Springer Undergraduate Mathematics Series},
  url={https://books.google.com/books?id=sBGcCgAAQBAJ},
  year={2015},
  publisher={Springer International Publishing}
}


 @misc{ wiki:matrixfunction,
   author = "Wikipedia",
   title = "Matrix function --- Wikipedia{,} The Free Encyclopedia",
   year = "2016",
   url = "https://en.wikipedia.org/w/index.php?title=Matrix_function&oldid=707034286",
   note = "[Online; accessed 14-August-2016]"
 }
 
  @misc{ wiki:Lpspace,
   author = "Wikipedia",
   title = "Lp space --- Wikipedia{,} The Free Encyclopedia",
   year = "2016",
   url = "https://en.wikipedia.org/w/index.php?title=Lp_space&oldid=733853566",
   note = "[Online; accessed 15-August-2016]"
 }
 
 @book{sansone2004orthogonal,
  title={Orthogonal Functions},
  author={Sansone, G.},
  isbn={9780486438016},
  lccn={2004050243},
  series={Dover Books on Mathematics Series},
  url={https://books.google.com/books?id=oC8ibpmlTrMC},
  year={2004},
  publisher={Dover Publications}
}

@book{debnath2005hilbert,
  title={Hilbert spaces with applications},
  author={Debnath, Lokenath and Mikusi{\'n}ski, Piotr},
  year={2005},
  publisher={Academic press}
}


@book{holland2007applied,
  title={Applied analysis by the Hilbert space method: an introduction with applications to the wave, heat, and Schr{\"o}dinger equations},
  author={Holland, Samuel S},
  year={2007},
  publisher={Courier Corporation}
}

@book{scholkopf2002learning,
  title={Learning with kernels: support vector machines, regularization, optimization, and beyond},
  author={Sch{\"o}lkopf, Bernhard and Smola, Alexander J},
  year={2002},
  publisher={MIT press}
}

 @misc{ wiki:Correlationcausation,
   author = "Wikipedia",
   title = "Correlation does not imply causation --- Wikipedia{,} The Free Encyclopedia",
   year = "2016",
   url = "https://en.wikipedia.org/w/index.php?title=Correlation_does_not_imply_causation&oldid=734643770",
   note = "[Online; accessed 16-August-2016]"
 }
 
 @book{murphy2012machine,
  title={Machine learning: a probabilistic perspective},
  author={Murphy, Kevin P},
  year={2012},
  publisher={MIT press}
}


 @misc{ wiki:Mercer,
   author = "Wikipedia",
   title = "Mercer's theorem --- Wikipedia{,} The Free Encyclopedia",
   year = "2016",
   url = "https://en.wikipedia.org/w/index.php?title=Mercer%27s_theorem&oldid=730428648",
   note = "[Online; accessed 17-August-2016]"
 }
 
 @book{shawe2004kernel,
  title={Kernel methods for pattern analysis},
  author={Shawe-Taylor, John and Cristianini, Nello},
  year={2004},
  publisher={Cambridge university press}
}


 @misc{ wiki:minmax,
   author = "Wikipedia",
   title = "Min-max theorem --- Wikipedia{,} The Free Encyclopedia",
   year = "2016",
   url = "https://en.wikipedia.org/w/index.php?title=Min-max_theorem&oldid=733428095",
   note = "[Online; accessed 17-August-2016]"
 }
 
 
 @article{laing2007coarse,
  title={Coarse-grained dynamics of an activity bump in a neural field model},
  author={Laing, Carlo R and Frewen, Thomas A and Kevrekidis, Ioannis G},
  journal={Nonlinearity},
  volume={20},
  number={9},
  pages={2127},
  year={2007},
  publisher={IOP Publishing}
}


@book{thomson2001elementary,
  title={Elementary Real Analysis},
  author={Thomson, B.S. and Bruckner, J.B. and Bruckner, A.M.},
  isbn={9780130190758},
  url={https://books.google.com/books?id=6l\_E9OTFaK0C},
  year={2001},
  publisher={Prentice-Hall}
}
@book{friedman2001elements,
  title={The elements of statistical learning},
  author={Friedman, Jerome and Hastie, Trevor and Tibshirani, Robert},
  volume={1},
  year={2001},
  publisher={Springer series in statistics Springer, Berlin}
}

@book{bertsekas2016nonlinear,
  title={Nonlinear programming},
  author={Bertsekas, D.P.},
  isbn={9781886529007},
  lccn={95081359},
  series={Athena Scientific optimization and computation series},
  year={2016},
  publisher={Athena Scientific}
}


@book{koller2009probabilistic,
  title={Probabilistic graphical models: principles and techniques},
  author={Koller, Daphne and Friedman, Nir},
  year={2009},
  publisher={MIT press}
}

@book{bertsekas2009convex,
  title={Convex optimization theory},
  author={Bertsekas, Dimitri P},
  year={2009},
  publisher={Athena Scientific Belmont}
}

@book{bertsekas2015convex,
  title={Convex optimization algorithms},
  author={Bertsekas, Dimitri P and Scientific, Athena},
  year={2015},
  publisher={Athena Scientific Belmont}
}

 @misc{ wiki:Lipschitz,
   author = "Wikipedia",
   title = "Lipschitz continuity --- Wikipedia{,} The Free Encyclopedia",
   year = "2016",
   url = "https://en.wikipedia.org/w/index.php?title=Lipschitz_continuity&oldid=732680256",
   note = "[Online; accessed 22-August-2016]"
 }
 
 @article{tenenbaum2000global,
  title={A global geometric framework for nonlinear dimensionality reduction},
  author={Tenenbaum, Joshua B and De Silva, Vin and Langford, John C},
  journal={science},
  volume={290},
  number={5500},
  pages={2319--2323},
  year={2000},
  publisher={American Association for the Advancement of Science}
}


@article{bengio2004out,
  title={Out-of-sample extensions for lle, isomap, mds, eigenmaps, and spectral clustering},
  author={Bengio, Yoshua and Paiement, Jean-Fran{\c{c}}ois and Vincent, Pascal and Delalleau, Olivier and Le Roux, Nicolas and Ouimet, Marie},
  journal={Advances in neural information processing systems},
  volume={16},
  pages={177--184},
  year={2004},
  publisher={Cambridge, MA, USA: MIT Press}
}

@article{hom1991topics,
  title={Topics in matrix analysis},
  author={Hom, Roger A and Johnson, Charles R},
  journal={Cambridge UP, New York},
  year={1991}
}

@incollection{vidal2016generalized,
  title={Generalized Principal Component Analysis},
  author={Vidal, Ren{\'e} and Ma, Yi and Sastry, S Shankar},
  pages={63--122},
  year={2016},
  publisher={Springer}
}

@book{hirsch1974differential,
  title={Differential Equations, Dynamical Systems, and Linear Algebra},
  author={Hirsch, M.W. and Devaney, R.L. and Smale, S.},
  isbn={9780080873763},
  series={Pure and Applied Mathematics},
  url={https://books.google.com/books?id=UG4Rh4OG-hUC},
  year={1974},
  publisher={Elsevier Science}
}

@book{hirsch2012differential,
  title={Differential equations, dynamical systems, and an introduction to chaos},
  author={Hirsch, Morris W and Smale, Stephen and Devaney, Robert L},
  year={2012},
  publisher={Academic press}
}

@book{perko2013differential,
  title={Differential equations and dynamical systems},
  author={Perko, Lawrence},
  volume={7},
  year={2013},
  publisher={Springer Science \& Business Media}
}

@book{Earl1989introduction,
   title =     {An introduction to ordinary differential equations},
   author =    {Earl A. Coddington},
   publisher = {Dover Publications},
   isbn =      {9780486659428,0486659429,0134913167,9780134913162},
   year =      {1989},
   series =    {Dover Books on Advanced Mathematics},
   }
   
   @book{coddington1955theory,
  title={Theory of ordinary differential equations},
  author={Coddington, Earl A and Levinson, Norman},
  year={1955},
  publisher={Tata McGraw-Hill Education}
}

@book{sanchez1968ordinary,
  title={Ordinary Differential Equations and Stability Theory: An Introduction},
  author={S{\'a}nchez, D.A.},
  isbn={9780486638287},
  lccn={68014226},
  series={Dover Books on Mathematics},
  url={https://books.google.com/books?id=Qr38tJ7P\_okC},
  year={1968},
  publisher={W. H. Freeman}
}

@article{tenenbaum2000global,
  title={A global geometric framework for nonlinear dimensionality reduction},
  author={Tenenbaum, Joshua B and De Silva, Vin and Langford, John C},
  journal={science},
  volume={290},
  number={5500},
  pages={2319--2323},
  year={2000},
  publisher={American Association for the Advancement of Science}
}

@book{borg2005modern,
  title={Modern multidimensional scaling: Theory and applications},
  author={Borg, Ingwer and Groenen, Patrick JF},
  year={2005},
  publisher={Springer Science \& Business Media}
}

@book{luenberger2015linear,
  title={Linear and Nonlinear Programming},
  author={Luenberger, D.G. and Ye, Y.},
  isbn={9783319188423},
  series={International Series in Operations Research \& Management Science},
  url={https://books.google.com/books?id=\_VwICgAAQBAJ},
  year={2015},
  publisher={Springer International Publishing}
}

@book{collette2013multiobjective,
	title={Multiobjective optimization: principles and case studies},
	author={Collette, Yann and Siarry, Patrick},
	year={2013},
	publisher={Springer Science \& Business Media}
}

@book{miettinen2012nonlinear,
  title={Nonlinear multiobjective optimization},
  author={Miettinen, Kaisa},
  volume={12},
  year={2012},
  publisher={Springer Science \& Business Media}
}

@book{mcinerney2013first,
  title={First Steps in Differential Geometry: Riemannian, Contact, Symplectic},
  author={McInerney, A.},
  isbn={9781461477327},
  lccn={2013941656},
  series={Undergraduate Texts in Mathematics},
  url={https://books.google.com/books?id=nNK4BAAAQBAJ},
  year={2013},
  publisher={Springer New York}
}


@article{lee1999learning,
  title={Learning the parts of objects by non-negative matrix factorization},
  author={Lee, Daniel D and Seung, H Sebastian},
  journal={Nature},
  volume={401},
  number={6755},
  pages={788--791},
  year={1999},
  publisher={Nature Publishing Group}
}


@book{jerri2013linear,
  title={Linear difference equations with discrete transform methods},
  author={Jerri, Abdul J},
  volume={363},
  year={2013},
  publisher={Springer Science \& Business Media}
}

@book{Basu2016introduction,
	title={Introduction to convexity},
	author={Basu, Amitabh},
	year={2016},
	publisher={Johns Hopkins University}
}
@book{hiriart2013convex,
	title={Convex analysis and minimization algorithms I: fundamentals},
	author={Hiriart-Urruty, Jean-Baptiste and Lemar{\'e}chal, Claude},
	volume={305},
	year={2013},
	publisher={Springer science \& business media}
}

@book{keener2010theoretical,
	title={Theoretical Statistics: Topics for a Core Course},
	author={Keener, R.W.},
	isbn={9780387938394},
	lccn={2010935925},
	series={Springer Texts in Statistics},
	url={https://books.google.com/books?id=aVJmcega44cC},
	year={2010},
	publisher={Springer New York}
}
@article{kay1993fundamentals,
	title={Fundamentals of statistical signal processing, volume I: estimation theory},
	author={Kay, Steven M},
	year={1993},
	publisher={Prentice Hall}
}

@article{rhudy2012evaluation,
	title={Evaluation of matrix square root operations for UKF within a UAV GPS/INS sensor fusion application},
	author={Rhudy, Matthew and Gu, Yu and Gross, Jason and Napolitano, Marcello R},
	journal={International Journal of Navigation and Observation},
	volume={2011},
	year={2012},
	publisher={Hindawi Publishing Corporation}
}

@book{rockafellar1997convex,
	title={Convex Analysis},
	author={Rockafellar, R.T.},
	isbn={9780691015866},
	lccn={68056318},
	series={Princeton landmarks in mathematics and physics},
	url={https://books.google.com/books?id=1TiOka9bx3sC},
	year={1997},
	publisher={Princeton University Press}
}
@article{fink1997compendium,
	title={A compendium of conjugate priors},
	author={Fink, Daniel},
	journal={See http://www. people. cornell. edu/pages/df36/CONJINTRnew\% 20TEX. pdf},
	pages={46},
	year={1997},
	publisher={Citeseer}
}

 @misc{ wiki:conjugateprior,
 	author = "Wikipedia",
 	title = "Conjugate prior --- Wikipedia{,} The Free Encyclopedia",
 	year = "2016",
 	url = "https://en.wikipedia.org/w/index.php?title=Conjugate_prior&oldid=728478330",
 	note = "[Online; accessed 7-September-2016]"
 }
 
 @book{hoff2009first,
 	title={A first course in Bayesian statistical methods},
 	author={Hoff, Peter D},
 	year={2009},
 	publisher={Springer Science \& Business Media}
 }
 
@book{dobson2008introduction,
	title={An introduction to generalized linear models},
	author={Dobson, Annette J and Barnett, Adrian},
	year={2008},
	publisher={CRC press}
}

@book{steland2012financial,
  title={Financial statistics and mathematical finance: methods, models and applications},
  author={Steland, Ansgar},
  year={2012},
  publisher={John Wiley \& Sons}
}

@article{andrieu2003introduction,
	title={An introduction to MCMC for machine learning},
	author={Andrieu, Christophe and De Freitas, Nando and Doucet, Arnaud and Jordan, Michael I},
	journal={Machine learning},
	volume={50},
	number={1-2},
	pages={5--43},
	year={2003},
	publisher={Springer}
}

@book{steele2001stochastic,
	title={Stochastic Calculus and Financial Applications},
	author={Steele, J.M.},
	isbn={9780387950167},
	lccn={00025890},
	series={Applications of mathematics : stochastic modelling and applied probability},
	url={https://books.google.com/books?id=H06xzeRQgV4C},
	year={2001},
	publisher={Springer}
}
@book{robert2013monte,
	title={Monte Carlo statistical methods},
	author={Robert, Christian and Casella, George},
	year={2013},
	publisher={Springer Science \& Business Media}
}

@book{bertsekas2009convex,
  title={Convex optimization theory},
  author={Bertsekas, Dimitri P},
  year={2009},
  publisher={Athena Scientific Belmont}
}

@article{mordukhovich2013easy,
	title={An easy path to convex analysis and applications},
	author={Mordukhovich, Boris S and Nam, Nguyen Mau},
	journal={Synthesis Lectures on Mathematics and Statistics},
	volume={6},
	number={2},
	pages={1--218},
	year={2013},
	publisher={Morgan \& Claypool Publishers}
}


@book{crassidis2011optimal,
  title={Optimal estimation of dynamic systems},
  author={Crassidis, John L and Junkins, John L},
  year={2011},
  publisher={CRC press}
}

@book{kailath2000linear,
  title={Linear estimation},
  author={Kailath, Thomas and Sayed, Ali H and Hassibi, Babak},
  volume={1},
  year={2000},
  publisher={Prentice Hall Upper Saddle River, NJ}
}

@book{pfaff2008analysis,
	title={Analysis of integrated and cointegrated time series with R},
	author={Pfaff, Bernhard},
	year={2008},
	publisher={Springer Science \& Business Media}
}

@article{petersen3274matrix,
	title={The matrix cookbook, nov 2012},
	author={Petersen, KaareBrandt and Pedersen, MichaelSyskind},
	journal={URL http://www2. imm. dtu. dk/pubdb/p. php},
	volume={3274}
}

@book{stengel2012optimal,
	title={Optimal control and estimation},
	author={Stengel, Robert F},
	year={2012},
	publisher={Courier Corporation}
}

@book{gallager2013stochastic,
	title={Stochastic processes: theory for applications},
	author={Gallager, Robert G},
	year={2013},
	publisher={Cambridge University Press}
}

@book{varga2009matrix,
	title={Matrix iterative analysis},
	author={Varga, Richard S},
	volume={27},
	year={2009},
	publisher={Springer Science \& Business Media}
}

@book{golub2013matrix,
	title={Matrix Computations},
	author={Golub, Gene H and Van Loan, Charles F},
	volume={3},
	year={2013},
	publisher={JHU Press}
}

@book{seneta2006non,
	title={Non-negative matrices and Markov chains},
	author={Seneta, Eugene},
	year={2006},
	publisher={Springer Science \& Business Media}
}


@book{nocedal2006numerical,
	title={Numerical optimization},
	author={Nocedal, Jorge and Wright, Stephen},
	year={2006},
	publisher={Springer Science \& Business Media}
}

@book{chinese2008probability,
	title={probability and mathematical statistic},
	author={ },
	year={2008},
	publisher={Zhejiang University}
}

@inproceedings{de2008introduction,
	title={An introduction to diffusion maps},
	author={De la Porte, J and Herbst, BM and Hereman, W and Van Der Walt, SJ},
	booktitle={The 19th Symposium of the Pattern Recognition Association of South Africa},
	year={2008},
	organization={Citeseer}
}

@book{bertsekas2012dynamic2,
	title={Dynamic Programming and Optimal Control},
	author={Bertsekas, D.P.},
	number={v. 2},
	isbn={9781886529441},
	series={Athena Scientific optimization and computation series},
	url={https://books.google.com/books?id=H-PSMwEACAAJ},
	year={2012},
	publisher={Athena Scientific}
}

@book{saad2003iterative,
	title={Iterative methods for sparse linear systems},
	author={Saad, Yousef},
	year={2003},
	publisher={Siam}
}

@article{wiering2012reinforcement,
	title={Reinforcement learning},
	author={Wiering, Marco and Van Otterlo, Martijn},
	journal={Adaptation, Learning, and Optimization},
	volume={12},
	year={2012},
	publisher={Springer}
}

@book{wilmott1995mathematics,
	title={The mathematics of financial derivatives: a student introduction},
	author={Wilmott, Paul and Howison, Sam and Dewynne, Jeff},
	year={1995},
	publisher={Cambridge University Press}
}

@book{leveque2007finite,
	title={Finite difference methods for ordinary and partial differential equations: steady-state and time-dependent problems},
	author={LeVeque, Randall J},
	volume={98},
	year={2007},
	publisher={Siam}
}


@book{bjork2004arbitrage,
	title={Arbitrage theory in continuous time},
	author={Bj{\"o}rk, Tomas},
	year={2004},
	publisher={Oxford university press}
}


@book{hull2009options,
	title={Options, Futures and Other Derivatives 9 edition},
	author={Hull, John},
	year={2009},
	publisher={Pearson Education}
}

@article{bruno2013sequential,
	title={Sequential Monte Carlo methods for nonlinear discrete-time filtering},
	author={Bruno, Marcelo GS},
	journal={Synthesis Lectures on Signal Processing},
	volume={6},
	number={1},
	pages={1--99},
	year={2013},
	publisher={Morgan \& Claypool Publishers}
}


@book{sarkka2013bayesian,
	title={Bayesian filtering and smoothing},
	author={S{\"a}rkk{\"a}, Simo},
	volume={3},
	year={2013},
	publisher={Cambridge University Press}
}

@book{musiela2006martingale,
	title={Martingale methods in financial modelling},
	author={Musiela, Marek and Rutkowski, Marek},
	volume={36},
	year={2006},
	publisher={Springer Science \& Business Media}
}

@article{parikh2014proximal,
	title={Proximal Algorithms.},
	author={Parikh, Neal and Boyd, Stephen P and others},
	journal={Foundations and Trends in optimization},
	volume={1},
	number={3},
	pages={127--239},
	year={2014}
}

@book{leroy2014principles,
	title={Principles of financial economics},
	author={LeRoy, Stephen F and Werner, Jan},
	year={2014},
	publisher={Cambridge University Press}
}

@book{mishkin2007economics,
	title={The economics of money, banking, and financial markets},
	author={Mishkin, Frederic S},
	year={2007},
	publisher={Pearson education}
}

@article{luenberger1997investment,
	title={Investment science},
	author={Luenberger, David G and others},
	journal={OUP Catalogue},
	year={1997},
	publisher={Oxford university press}
}

@book{cerny2009mathematical,
	title={Mathematical techniques in finance: tools for incomplete markets},
	author={Cern{\`y}, Ales},
	year={2009},
	publisher={Princeton University Press}
}

@book{pascucci2011pde,
	title={PDE and martingale methods in option pricing},
	author={Pascucci, Andrea},
	year={2011},
	publisher={Springer Science \& Business Media}
}

@article{meucci2011p,
	title={'P'Versus' Q': Differences and Commonalities between the Two Areas of Quantitative Finance},
	author={Meucci, Attilio},
	journal={GARP Risk Professional},
	pages={47--50},
	year={2011}
}

@book{meucci2009risk,
	title={Risk and asset allocation},
	author={Meucci, Attilio},
	year={2009},
	publisher={Springer Science \& Business Media}
}

@book{jorion2010financial,
	title={Financial Risk Manager Handbook: FRM Part I /},
	author={Jorion, P.},
	number={pt. 2},
	isbn={9781118017913},
	series={Wiley Finance},
	url={https://books.google.com/books?id=4ceVmGJSNpcC},
	year={2010},
	publisher={Wiley}
}

@book{leung2015optimal,
	title={Optimal Mean Reversion Trading: Mathematical Analysis and Practical Applications},
	author={Leung, Tim and Li, Xin},
	volume={1},
	year={2015},
	publisher={World Scientific}
}


@book{koralov2007theory,
	title={Theory of probability and random processes},
	author={Koralov, Leonid and Sinai, Yakov G},
	year={2007},
	publisher={Springer Science \& Business Media}
}

@book{mcmillan2002options,
	title={Options as a strategic investment},
	author={McMillan, Lawrence G},
	year={2002},
	publisher={Penguin}
}

@book{lutkepohl2005new,
	title={New introduction to multiple time series analysis},
	author={L{\"u}tkepohl, Helmut},
	year={2005},
	publisher={Springer Science \& Business Media}
}

@book{bertsekas2015convex,
	title={Convex optimization algorithms},
	author={Bertsekas, Dimitri P and Scientific, Athena},
	year={2015},
	publisher={Athena Scientific Belmont}
}

@book{kutner2003applied,
	title={Applied Linear Regression Models},
	author={Kutner, M.H. and Nachtsheim, C.J. and Neter, J.},
	isbn={9780072955675},
	series={The McGraw-Hill/Irwin Series Operations and Decision Sciences},
	url={https://books.google.com/books?id=0nAMAAAACAAJ},
	year={2003},
	publisher={McGraw-Hill Higher Education}
}

@book{johnson2007applied,
	title={Applied Multivariate Statistical Analysis},
	author={Johnson, R.A. and Wichern, D.W.},
	isbn={9780131877153},
	lccn={2006050673},
	series={Applied Multivariate Statistical Analysis},
	url={https://books.google.com/books?id=gFWcQgAACAAJ},
	year={2007},
	publisher={Pearson Prentice Hall}
}

@book{seber2012linear,
	title={Linear regression analysis},
	author={Seber, George AF and Lee, Alan J},
	volume={936},
	year={2012},
	publisher={John Wiley \& Sons}
}

@article{bengio2004out,
	title={Out-of-sample extensions for lle, isomap, mds, eigenmaps, and spectral clustering},
	author={Bengio, Yoshua and Paiement, Jean-Fran{\c{c}}ois and Vincent, Pascal and Delalleau, Olivier and Le Roux, Nicolas and Ouimet, Marie},
	journal={Advances in neural information processing systems},
	volume={16},
	pages={177--184},
	year={2004},
	publisher={Cambridge, MA, USA: MIT Press}
}
@book{mcculloch2001generalized,
	title={Generalized linear mixed models},
	author={McCulloch, Charles E and Neuhaus, John M},
	year={2001},
	publisher={Wiley Online Library}
}

@article{hayashi2000econometrics,
	title={Econometrics. Princeton},
	author={Hayashi, Fumio},
	journal={New Jersey, USA: Princeton University},
	year={2000}
}

@article{von2007tutorial,
	title={A tutorial on spectral clustering},
	author={Von Luxburg, Ulrike},
	journal={Statistics and computing},
	volume={17},
	number={4},
	pages={395--416},
	year={2007},
	publisher={Springer}
}

@book{williams2007linear,
	title={Linear state-space control systems},
	author={Williams, Robert L and Lawrence, Douglas A and others},
	year={2007},
	publisher={John Wiley \& Sons}
}

@article{bishop2006pattern,
	title={Pattern Recognition and Machine Learning},
	author={Bishop, Christopher M},
	year={2006},
	publisher={Springer}
}

@book{james2013introduction,
	title={An introduction to statistical learning},
	author={James, Gareth and Witten, Daniela and Hastie, Trevor and Tibshirani, Robert},
	volume={6},
	year={2013},
	publisher={Springer}
}

@book{capinski2013measure,
	title={Measure, integral and probability},
	author={Capinski, Marek and Kopp, Peter E},
	year={2013},
	publisher={Springer Science \& Business Media}
}

@article{pasha2005sampling,
	title={Sampling Algorithm of Order Statistics for Conditional Lifetime Distributions},
	author={Pasha, GR and Aslam, Muhammad and Akbar, Atif},
	journal={Pakistan Journal of Statistics and Operation Research},
	volume={1},
	number={1},
	year={2005},
	publisher={University of the Punjab, College of Statistical \& Actuarial Science}
}

@book{spall2005introduction,
	title={Introduction to stochastic search and optimization: estimation, simulation, and control},
	author={Spall, James C},
	volume={65},
	year={2005},
	publisher={John Wiley \& Sons}
}

@book{mcbook,
	author = {Art B. Owen},
	year = 2013,
	title = {Monte Carlo theory, methods and examples}
}

@article{kastner2011umbrella,
	title={Umbrella sampling},
	author={K{\"a}stner, Johannes},
	journal={Wiley Interdisciplinary Reviews: Computational Molecular Science},
	volume={1},
	number={6},
	pages={932--942},
	year={2011},
	publisher={Wiley Online Library}
}

@book{wilmott2013paul,
	title={Paul Wilmott on quantitative finance},
	author={Wilmott, Paul},
	year={2013},
	publisher={John Wiley \& Sons}
}

@article{higham2001algorithmic,
	title={An algorithmic introduction to numerical simulation of stochastic differential equations},
	author={Higham, Desmond J},
	journal={SIAM review},
	volume={43},
	number={3},
	pages={525--546},
	year={2001},
	publisher={SIAM}
}

@book{pavliotis2008multiscale,
	title={Multiscale methods: averaging and homogenization},
	author={Pavliotis, Grigorios A and Stuart, Andrew},
	year={2008},
	publisher={Springer Science \& Business Media}
}

@book{weinan2011principles,
	title={Principles of multiscale modeling},
	author={Weinan, E},
	year={2011},
	publisher={Cambridge University Press}
}

@book{strikwerda2004finite,
	title={Finite difference schemes and partial differential equations},
	author={Strikwerda, John C},
	year={2004},
	publisher={Siam}
}

@book{leveque2007finite,
	title={Finite difference methods for ordinary and partial differential equations: steady-state and time-dependent problems},
	author={LeVeque, Randall J},
	volume={98},
	year={2007},
	publisher={Siam}
}

@book{johnson2006singular,
	title={Singular perturbation theory: mathematical and analytical techniques with applications to engineering},
	author={Johnson, Robin Stanley},
	year={2006},
	publisher={Springer Science \& Business Media}
}

@book{holmes2012introduction,
	title={Introduction to perturbation methods},
	author={Holmes, Mark H},
	volume={20},
	year={2012},
	publisher={Springer Science \& Business Media}
}

@book{zikanov2010essential,
	title={Essential computational fluid dynamics},
	author={Zikanov, Oleg},
	year={2010},
	publisher={John Wiley \& Sons}
}

@book{karniadakis2003parallel,
	title={Parallel scientific computing in C++ and MPI: a seamless approach to parallel algorithms and their implementation},
	author={Karniadakis, George Em and Kirby II, Robert M},
	year={2003},
	publisher={Cambridge University Press}
}

@book{barthes2012microhydrodynamics,
	title={Microhydrodynamics and complex fluids},
	author={Barth{\`e}s-Biesel, Dominique},
	year={2012},
	publisher={CRC Press}
}

@book{risken2012fokker,
	title={The Fokker-Planck Equation: Methods of Solution and Applications},
	author={Risken, H. and Frank, T.},
	isbn={9783642615443},
	series={Springer Series in Synergetics},
	url={https://books.google.com/books?id=6B5uCQAAQBAJ},
	year={2012},
	publisher={Springer Berlin Heidelberg}
}
@article{kevrekidis2009equation,
	title={Equation-free multiscale computation: Algorithms and applications},
	author={Kevrekidis, Ioannis G and Samaey, Giovanni},
	journal={Annual review of physical chemistry},
	volume={60},
	pages={321--344},
	year={2009},
	publisher={Annual Reviews}
}

@book{verhulst2005methods,
	title={Methods and applications of singular perturbations: boundary layers and multiple timescale dynamics},
	author={Verhulst, Ferdinand},
	volume={50},
	year={2005},
	publisher={Springer Science \& Business Media}
}

@book{frankel2004geometry,
	title={The Geometry of Physics: An Introduction},
	author={Frankel, T.},
	isbn={9780521539272},
	lccn={2003044030},
	url={https://books.google.com/books?id=2iq2EGNgX24C},
	year={2004},
	publisher={Cambridge University Press}
}

@book{joshi2003concepts,
	title={The concepts and practice of mathematical finance},
	author={Joshi, Mark Suresh},
	volume={1},
	year={2003},
	publisher={Cambridge University Press}
}

@book{wilcox2010fundamentals,
	title={Fundamentals of modern statistical methods: Substantially improving power and accuracy},
	author={Wilcox, Rand R},
	year={2010},
	publisher={Springer Science \& Business Media}
}

@book{jackel2002monte,
	title={Monte Carlo Methods in Finance},
	author={J{\"a}ckel, P.},
	isbn={9780471497417},
	lccn={2001046997},
	series={The Wiley Finance Series},
	url={https://books.google.com/books?id=jG6BQgAACAAJ},
	year={2002},
	publisher={Wiley}
}


@book{gardiner2009stochastic,
	title={Stochastic Methods: A Handbook for the Natural and Social Sciences},
	author={Gardiner, C.},
	isbn={9783540707127},
	lccn={2008936877},
	series={Springer Series in Synergetics},
	url={https://books.google.com/books?id=otg3PQAACAAJ},
	year={2009},
	publisher={Springer Berlin Heidelberg}
}

@book{gardiner1994handbook,
	title={Handbook of stochastic methods for physics, chemistry, and the natural sciences},
	author={Gardiner, C.W.},
	isbn={9783540156079},
	lccn={93044953},
	series={Springer series in synergetics},
	url={https://books.google.com/books?id=ZfwaAQAAIAAJ},
	year={1994},
	publisher={Springer}
}

@book{shonkwiler2013finance,
	title={Finance with Monte Carlo},
	author={Shonkwiler, Ronald W},
	year={2013},
	publisher={Springer}
}

@book{ross2013simulation,
	title={Simulation},
	author={Ross, S.M.},
	isbn={9780124158252},
	lccn={2012027466},
	url={https://books.google.com/books?id=1Dwsyyty3P8C},
	year={2013},
	publisher={Academic Press}
}


@book{atkinson1989introduction,
	title={An introduction to numerical analysis},
	author={Atkinson, Kendall E},
	year={1989},
	publisher={John Wiley \& Sons}
}

@book{niederreiter1992random,
	title={Random Number Generation and Quasi-Monte Carlo Methods},
	author={Niederreiter, H.},
	isbn={9781611970081},
	lccn={92012567},
	series={CBMS-NSF Regional Conference Series in Applied Mathematics},
	url={https://books.google.com/books?id=3CN3\_osvqTcC},
	year={1992},
	publisher={Society for Industrial and Applied Mathematics (SIAM, 3600 Market Street, Floor 6, Philadelphia, PA 19104)}
}


@book{iacus2009simulation,
	title={Simulation and inference for stochastic differential equations: with R examples},
	author={Iacus, Stefano M},
	year={2009},
	publisher={Springer Science \& Business Media}
}

@book{strauss1992partial,
	title={Partial Differential Equations: An Introduction},
	author={Strauss, W.A.},
	isbn={9780471548683},
	lccn={lc91043999},
	url={https://books.google.com/books?id=5--vQgAACAAJ},
	year={1992},
	publisher={Wiley}
}


@book{schoutens2003levy,
	title={Levy Processes in Finance: Pricing Financial Derivatives},
	author={Schoutens, W.},
	isbn={9780470851562},
	lccn={2003043297},
	series={Wiley Series in Probability and Statistics},
	url={https://books.google.com/books?id=Be4NqIz7h-kC},
	year={2003},
	publisher={Wiley}
}

@book{applebaum2009levy,
	title={L{\'e}vy processes and stochastic calculus},
	author={Applebaum, David},
	year={2009},
	publisher={Cambridge university press}
}

@ARTICLE{Manuge2015levy,
	author = {{Manuge}, D.~J.},
	title = "{L$\backslash$'evy Processes For Finance: An Introduction In R}",
	journal = {ArXiv e-prints},
	archivePrefix = "arXiv",
	eprint = {1503.03902},
	primaryClass = "stat.AP",
	keywords = {Statistics - Applications, Quantitative Finance - Computational Finance},
	year = 2015,
	month = mar,
	adsurl = {http://adsabs.harvard.edu/abs/2015arXiv150303902M},
	adsnote = {Provided by the SAO/NASA Astrophysics Data System}
}

@book{tankov2003financial,
	title={Financial modelling with jump processes},
	author={Tankov, Peter},
	volume={2},
	year={2003},
	publisher={CRC press}
}

@book{zhou2008practical,
	title={A Practical Guide to Quantitative Finance Interviews},
	author={Zhou, Xinfeng},
	year={2008},
	publisher={Lulu. com}
}

@article{liu2016adjoint,
	title={Adjoint Fokker-Planck equation and runaway electron dynamics},
	author={Liu, Chang and Brennan, Dylan P and Bhattacharjee, Amitava and Boozer, Allen H},
	journal={Physics of Plasmas},
	volume={23},
	number={1},
	pages={010702},
	year={2016},
	publisher={AIP Publishing}
}
@book{kelly2011reversibility,
	title={Reversibility and stochastic networks},
	author={Kelly, Frank P},
	year={2011},
	publisher={Cambridge University Press}
}


@book{sericola2013markov,
	title={Markov Chains: Theory and Applications},
	author={Sericola, B.},
	isbn={9781118731536},
	series={ISTE},
	url={https://books.google.com/books?id=tRdwAAAAQBAJ},
	year={2013},
	publisher={Wiley}
}

@book{He2007stochastic,
	title={Stochastic Process (chinese)},
	author={Shuyuan He},
	year={2007},
	publisher={Peking University}
}

@article{lovasz1993random,
	title={Random walks on graphs},
	author={Lov{\'a}sz, L{\'a}szl{\'o}}
}

@book{guazzelli2011physical,
	title={A physical introduction to suspension dynamics},
	author={Guazzelli, Elisabeth and Morris, Jeffrey F},
	volume={45},
	year={2011},
	publisher={Cambridge University Press}
}

@book{smith2005introduction,
	title={Introduction to chemical engineering thermodynamics},
	author={Smith, J.M. and Van Ness, H.C. and Abbott, M.M.},
	isbn={9780073104454},
	lccn={2004058781},
	series={McGraw-Hill chemical engineering series},
	url={https://books.google.com/books?id=3spTAAAAMAAJ},
	year={2005},
	publisher={McGraw-Hill}
}


@article{durlofsky1987dynamic,
	title={Dynamic simulation of hydrodynamically interacting particles},
	author={Durlofsky, Louis and Brady, John F and Bossis, Georges},
	journal={Journal of fluid mechanics},
	volume={180},
	pages={21--49},
	year={1987},
	publisher={Cambridge Univ Press}
}

@book{kim2013microhydrodynamics,
	title={Microhydrodynamics: principles and selected applications},
	author={Kim, Sangtae and Karrila, Seppo J},
	year={2013},
	publisher={Courier Corporation}
}

@book{pozrikidis2002practical,
	title={A practical guide to boundary element methods with the software library BEMLIB},
	author={Pozrikidis, Constantine},
	year={2002},
	publisher={CRC Press}
}

@book{pozrikidis1992boundary,
	title={Boundary integral and singularity methods for linearized viscous flow},
	author={Pozrikidis, Constantine},
	year={1992},
	publisher={Cambridge University Press}
}

@book{bossu2014advanced,
	title={Advanced Equity Derivatives: Volatility and Correlation},
	author={Bossu, S{\'e}bastien},
	year={2014},
	publisher={John Wiley \& Sons}
}

@book{mcinerney2015stochastic,
	title={Stochastic Interest Rates},
	author={McInerney, D. and Zastawniak, T.},
	isbn={9781107002579},
	series={Mastering Mathematical Finance},
	url={https://books.google.com/books?id=8JTwCAAAQBAJ},
	year={2015},
	publisher={Cambridge University Press}
}
@book{clark2011foreign,
	title={Foreign exchange option pricing: a practitioner's guide},
	author={Clark, Iain J},
	year={2011},
	publisher={John Wiley \& Sons}
}

@book{wilmott1998derivatives,
	title={Derivatives: The Theory and Practice of Financial Engineering},
	author={Wilmott, P.},
	isbn={9780471983897},
	lccn={99184337},
	series={Wiley Frontiers in Finance Series},
	url={https://books.google.com/books?id=9NPuAAAAMAAJ},
	year={1998},
	publisher={Wiley}
}
@book{jarrow2002modeling,
	title={Modeling fixed-income securities and interest rate options},
	author={Jarrow, Robert A},
	year={2002},
	publisher={Stanford University Press}
}

@book{ruppert2015statistics,
	title={Statistics and data analysis for financial engineering, 2ed},
	author={Ruppert, David},
	year={2015},
	publisher={Springer}
}

@book{faraway2014linear,
	title={Linear models with R},
	author={Faraway, Julian J},
	year={2014},
	publisher={CRC press}
}

@book{primbs2016factor,
	title={A Factor Model Approach to Derivative Pricing},
	author={Primbs, James A},
	year={2016},
	publisher={CRC Press}
}

@book{guyon2013nonlinear,
	title={Nonlinear option pricing},
	author={Guyon, Julien and Henry-Labord{\`e}re, Pierre},
	year={2013},
	publisher={CRC Press}
}

@book{jehle2011advanced,
	title={Advanced Microeconomic Theory},
	author={Jehle, G.A. and Reny, P.J.},
	isbn={9780273731917},
	lccn={2010036356},
	series={The Addison-Wesley series in economics},
	url={https://books.google.com/books?id=1c2tbwAACAAJ},
	year={2011},
	publisher={Financial Times/Prentice Hall}
}

@article{beck2009fast,
	title={A fast iterative shrinkage-thresholding algorithm for linear inverse problems},
	author={Beck, Amir and Teboulle, Marc},
	journal={SIAM journal on imaging sciences},
	volume={2},
	number={1},
	pages={183--202},
	year={2009},
	publisher={SIAM}
}

@book{romer2011advanced,
	title={Advanced Macroeconomics},
	author={Romer, D.},
	isbn={9780073511375},
	lccn={00059456},
	url={https://books.google.com/books?id=xTovPwAACAAJ},
	year={2011},
	publisher={McGraw-Hill Education}
}

@book{strogatz2014nonlinear,
	title={Nonlinear dynamics and chaos: with applications to physics, biology, chemistry, and engineering},
	author={Strogatz, Steven H},
	year={2014},
	publisher={Westview press}
}
@book{jiang2000advanced,
	title={advanced microeconomics (chineses)},
	author={Dianchun Jiang},
	year={2000},
	publisher={Peking University Publisher}
}

@book{simon1994mathematics,
	title={Mathematics for economists},
	author={Simon, Carl P and Blume, Lawrence},
	volume={7},
	year={1994},
	publisher={Norton New York}
}

@book{varian2010intermediate,
	title={Intermediate microeconomics: a modern approach},
	author={Varian, Hal R and Repcheck, Jack},
	volume={6},
	year={2010},
	publisher={WW Norton \& Company New York}
}

@book{varian1992microeconomic,
	title={Microeconomic analysis},
	author={Varian, Hal R},
	year={1992},
	publisher={Norton \& Company}
}

@book{Chen2010advanced,
	title={Advanced Macroeconomics lecture notes},
	author={Chen, Qiang},
	year={2010},
	publisher={Shangdong University}
}

@book{mankiw2016macroeconomics,
	title={Macroeconomics},
	author={Mankiw, N.G.},
	isbn={9781319117030},
	url={https://books.google.com/books?id=hfsjDwAAQBAJ},
	year={2016},
	publisher={Worth Publishers}
}
@book{krugman2014international,
	title={International Economics: Theory and Policy},
	author={Krugman, P.R. and Obstfeld, M. and Melitz, M.J.},
	isbn={9780133423648},
	lccn={2013046411},
	series={Pearson series in economics},
	url={https://books.google.com/books?id=kmbpngEACAAJ},
	year={2014},
	publisher={Pearson}
}


@book{gandolfo2013international,
	title={International trade theory and policy},
	author={Gandolfo, Giancarlo},
	year={2013},
	publisher={Springer Science \& Business Media}
}

@book{krugman2014internationalF,
	title={International Finance: Theory and Policy},
	author={Krugman, P.R. and Obstfeld, M. and Melitz, M.},
	isbn={9780133425826},
	url={https://books.google.com/books?id=GrsOBAAAQBAJ},
	year={2014},
	publisher={Pearson Education}
}
@article{dornbusch1976expectations,
	title={Expectations and exchange rate dynamics},
	author={Dornbusch, Rudiger},
	journal={Journal of political Economy},
	volume={84},
	number={6},
	pages={1161--1176},
	year={1976},
	publisher={The University of Chicago Press}
}

@book{mishkin2015economics,
	title={The Economics of Money, Banking and Financial Markets},
	author={Mishkin, F.S.},
	isbn={9780133860221},
	url={https://books.google.com/books?id=Gr-gBwAAQBAJ},
	year={2015},
	publisher={Pearson Education}
}


@book{blanchard2016macroeconomics,
	title={Macroeconomics},
	author={Blanchard, O. and Johnson, D.R.},
	isbn={9780133780581},
	lccn={2016001144},
	url={https://books.google.com/books?id=qfDmjgEACAAJ},
	year={2016},
	publisher={Prentice Hall PTR}
}
@book{alexander2008market,
	title={Market Risk Analysis, Pricing, Hedging and Trading Financial Instruments},
	author={Alexander, C.},
	isbn={9780470772812},
	series={Market Risk Analysis},
	url={https://books.google.com/books?id=M-6UEM18UHkC},
	year={2008},
	publisher={Wiley}
}
@book{bossu2014advanced,
	title={Advanced Equity Derivatives: Volatility and Correlation},
	author={Bossu, S. and Carr, P.},
	isbn={9781118774717},
	lccn={2013048878},
	series={Wiley Finance},
	url={https://books.google.com/books?id=qAWIAwAAQBAJ},
	year={2014},
	publisher={Wiley}
}
@book{bossu2012introduction,
	title={An Introduction to Equity Derivatives: Theory and Practice},
	author={Bossu, S. and Henrotte, P.},
	isbn={9781119961857},
	lccn={2011051096},
	series={The Wiley Finance Series},
	url={https://books.google.com/books?id=SgG8cg0uAEgC},
	year={2012},
	publisher={Wiley}
}
@book{passarelli2012trading,
	title={Trading options Greeks: How time, volatility, and other pricing factors drive profits},
	author={Passarelli, Dan},
	volume={159},
	year={2012},
	publisher={John Wiley \& Sons}
}
@book{taleb1997dynamic,
	title={Dynamic hedging: managing vanilla and exotic options},
	author={Taleb, Nassim},
	volume={64},
	year={1997},
	publisher={John Wiley \& Sons}
}

@book{derman2016volatility,
	title={The Volatility Smile},
	author={Derman, E. and Miller, M.B. and Park, D.},
	isbn={9781118959169},
	lccn={2016012191},
	series={Wiley Finance Editions},
	url={https://books.google.com/books?id=WKfBDAAAQBAJ},
	year={2016},
	publisher={Wiley}
}


@article{carr1998towards,
	title={Towards a theory of volatility trading},
	author={Carr, Peter and Madan, Dilip},
	journal={Volatility: New estimation techniques for pricing derivatives},
	number={29},
	pages={417--427},
	year={1998}
}

@book{pelsser2000efficient,
	title={Efficient methods for valuing interest rate derivatives},
	author={Pelsser, Antoon},
	year={2000},
	publisher={Springer Science \& Business Media}
}

@book{brigo2007interest,
	title={Interest rate models-theory and practice: with smile, inflation and credit},
	author={Brigo, Damiano and Mercurio, Fabio},
	year={2007},
	publisher={Springer Science \& Business Media}
}

@book{capinski2016credit,
	title={Credit Risk},
	author={Capi{\'n}ski, M. and Zastawniak, T.},
	isbn={9781316861875},
	series={Mastering Mathematical Finance},
	url={https://books.google.com/books?id=GY-aDQAAQBAJ},
	year={2016},
	publisher={Cambridge University Press}
}


@book{Pereira2016credit,
	title={Credit Risk},
	author={Pereira, Joao Pedro},
	year={2016},
	publisher={Universidade Nova de Lisboa}
}

@book{brigo2013counterparty,
	title={Counterparty Credit Risk, Collateral and Funding: With Pricing Cases For All Asset Classes},
	author={Brigo, D. and Morini, M. and Pallavicini, A.},
	isbn={9780470661789},
	lccn={2013001506},
	series={The Wiley Finance Series},
	url={https://books.google.com/books?id=Y-X9zqVcOFkC},
	year={2013},
	publisher={Wiley}
}

@book{ammann2013credit,
	title={Credit risk valuation: methods, models, and applications},
	author={Ammann, Manuel},
	year={2013},
	publisher={Springer Science \& Business Media}
}

@book{bluhm2016introduction,
	title={Introduction to credit risk modeling},
	author={Bluhm, Christian and Overbeck, Ludger and Wagner, Christoph},
	year={2016},
	publisher={Crc Press}
}

@book{o2011modelling,
	title={Modelling single-name and multi-name credit derivatives},
	author={O'Kane, Dominic},
	volume={573},
	year={2011},
	publisher={John Wiley \& Sons}
}

@book{schonbucher2003credit,
	title={Credit derivatives pricing models: models, pricing and implementation},
	author={Sch{\"o}nbucher, Philipp J},
	year={2003},
	publisher={John Wiley \& Sons}
}


@article{hagan2006interpolation,
	title={Interpolation methods for curve construction},
	author={Hagan, Patrick S and West, Graeme},
	journal={Applied Mathematical Finance},
	volume={13},
	number={2},
	pages={89--129},
	year={2006},
	publisher={Taylor \& Francis}
}

@book{wu2009interest,
	title={Interest rate modeling: Theory and practice},
	author={Wu, Lixin},
	year={2009},
	publisher={CRC Press}
}

@book{rebonato2011sabr,
	title={The SABR/LIBOR Market Model: Pricing, calibration and hedging for complex interest-rate derivatives},
	author={Rebonato, Riccardo and McKay, Kenneth and White, Richard},
	year={2011},
	publisher={John Wiley \& Sons}
}

@book{andersen2010interest1,
	title={Interest Rate Modeling, Volume I},
	author={Andersen, L.B.G. and Piterbarg, V.V.},
	number={v. 1},
	isbn={9780984422104},
	lccn={2010905508},
	series={Interest Rate Modeling},
	url={https://books.google.com/books?id=oI2fcQAACAAJ},
	year={2010},
	publisher={Atlantic Financial Press}
}


@book{andersen2010interest2,
	title={Interest Rate Modeling, Volume II},
	author={Andersen, L.B.G. and Piterbarg, V.V.},
	number={v. 2},
	isbn={9780984422111},
	lccn={2010905508},
	series={Interest Rate Modeling},
	url={https://books.google.com/books?id=tgmucQAACAAJ},
	year={2010},
	publisher={Atlantic Financial Press}
}


@book{andersen2010interest3,
	title={Interest Rate Modeling, Volume III},
	author={Andersen, L.B.G. and Piterbarg, V.V.},
	number={v. 3},
	isbn={9780984422128},
	lccn={2010905508},
	series={Interest Rate Modeling},
	url={https://books.google.com/books?id=RxHVcQAACAAJ},
	year={2010},
	publisher={Atlantic Financial Press}
}


@book{rebonato2005volatility,
	title={Volatility and correlation: the perfect hedger and the fox},
	author={Rebonato, Riccardo},
	year={2005},
	publisher={John Wiley \& Sons}
}

@book{Piterbarg_collateral,
	title={Collateral, Funding, and Discounting},
	author={Piterbarg, Vladimir},
	publisher={Barclays}
}

@book{2009introduction,
	title={AN INTRODUCTION TO MULTIVARIATE STATISTICAL ANALYSIS, 3RD ED},
	author={Anderson, T.W.},
	isbn={9788126524488},
	url={https://books.google.com/books?id=1iF0CgAAQBAJ},
	year={2009},
	publisher={Wiley India Pvt. Limited}
}


@book{johnson2007applied,
	title={Applied Multivariate Statistical Analysis},
	author={Johnson, R.A. and Wichern, D.W.},
	isbn={9780131877153},
	lccn={2006050673},
	series={Applied Multivariate Statistical Analysis},
	url={https://books.google.com/books?id=gFWcQgAACAAJ},
	year={2007},
	publisher={Pearson Prentice Hall}
}


@book{hill2010principles,
	title={Principles of Econometrics, 4th Edition},
	author={Hill, R.C. and Griffiths, W.E. and Lim, G.C.},
	isbn={9781118136966},
	url={https://books.google.com/books?id=JbYbAAAAQBAJ},
	year={2010},
	publisher={John Wiley \& Sons, Incorporated}
}


@book{shover2012trading,
	title={Trading Options in Turbulent Markets: Master Uncertainty Through Active Volatility Management},
	author={Shover, Larry},
	year={2012},
	publisher={John Wiley \& Sons}
}

@book{haug2007complete,
	title={The complete guide to option pricing formulas},
	author={Haug, Espen Gaarder},
	year={2007},
	publisher={McGraw-Hill Companies}
}


@book{haug2013derivatives,
	title={Derivatives models on models},
	author={Haug, Espen Gaarder},
	year={2013},
	publisher={John Wiley \& Sons}
}

@book{bennett2014trading,
	title={Trading Volatility: Trading Volatility, Correlation, Term Structure and Skew},
	author={Bennett, Colin},
	year={2014},
	publisher={CreateSpace Independent Publishing Platform}
}

@book{clark2014commodity,
	title={Commodity Option Pricing: A Practitioner's Guide},
	author={Clark, Iain J},
	year={2014},
	publisher={John Wiley \& Sons}
}

@book{burger2008managing,
	title={Managing energy risk: An integrated view on power and other energy markets},
	author={Burger, Markus and Graeber, Bernhard and Schindlmayr, Gero},
	volume={426},
	year={2008},
	publisher={John Wiley \& Sons}
}

@book{jewson2005weather,
	title={Weather derivative valuation: the meteorological, statistical, financial and mathematical foundations},
	author={Jewson, Stephen and Brix, Anders},
	year={2005},
	publisher={Cambridge University Press}
}

@book{parodi2014pricing,
	title={Pricing in general insurance},
	author={Parodi, Pietro},
	year={2014},
	publisher={CRC Press}
}

@book{forbes2011statistical,
	title={Statistical distributions},
	author={Forbes, Catherine and Evans, Merran and Hastings, Nicholas and Peacock, Brian},
	year={2011},
	publisher={John Wiley \& Sons}
}

@book{Ruschendorf2013mathematical,
	title={Mathematical Risk Analysis: Dependence, Risk Bounds, Optimal Allocations and Portfolios},
	author={R{\"u}schendorf, L.},
	isbn={9783642335907},
	series={Springer Series in Operations Research and Financial Engineering},
	url={https://books.google.com/books?id=WdtEAAAAQBAJ},
	year={2013},
	publisher={Springer Berlin Heidelberg}
}


@book{lindskog2000modelling,
	title={Modelling dependence with copulas and applications to risk management},
	author={Lindskog, Filip and others}
}

@book{mcneil2015quantitative,
	title={Quantitative risk management: Concepts, techniques and tools},
	author={McNeil, Alexander J and Frey, R{\"u}diger and Embrechts, Paul},
	year={2015},
	publisher={Princeton university press}
}

@book{cairns2004interest,
	title={Interest rate models: an introduction},
	author={Cairns, Andrew JG},
	volume={10},
	year={2004},
	publisher={Princeton University Press}
}

@article{zhu2007guide,
	title={A guide to modeling counterparty credit risk},
	author={Zhu, Steven H and Pykhtin, Michael},
	year={2007}
}


@article{roncalli2016lecture,
	title={Lecture Notes on Risk Management \& Financial Regulation},
	author={Roncalli, Thierry},
	year={2016}
}


@book{gregory2012counterparty,
	title={Counterparty credit risk and credit value adjustment: A continuing challenge for global financial markets},
	author={Gregory, Jon},
	year={2012},
	publisher={John Wiley \& Sons}
}

@book{geman2009commodities,
	title={Commodities and commodity derivatives: modeling and pricing for agriculturals, metals and energy},
	author={Geman, Helyette},
	year={2009},
	publisher={John Wiley \& Sons}
}

@article{hagan2002managing,
	title={Managing smile risk},
	author={Hagan, P Kumar and Kumar, D},
	journal={Wilmott Magazine},
	pages={84--108}
}

@article{brigo2001approximated,
	title={Approximated moment-matching dynamics for basket-options simulation},
	author={Brigo, Damiano and Mercurio, Fabio and Rapisarda, Francesco and Scotti, Rita},
	year={2001}
}

@article{pelsser2003mathematical,
	title={Mathematical foundation of convexity correction},
	author={Pelsser, Antoon},
	journal={Quantitative Finance},
	volume={3},
	number={1},
	pages={59--65},
	year={2003},
	publisher={Taylor \& Francis}
}

@book{lindgren2012stationary,
	title={Stationary Stochastic Processes: Theory and Applications},
	author={Lindgren, G.},
	isbn={9781466557796},
	lccn={2012028123},
	series={Chapman \& Hall/CRC Texts in Statistical Science},
	url={https://books.google.com/books?id=XROYk50wZCMC},
	year={2012},
	publisher={Taylor \& Francis}
}

@book{lindgren2013stationary,
	title={Stationary stochastic processes for scientists and engineers},
	author={Lindgren, Georg and Rootz{\'e}n, Holger and Sandsten, Maria},
	year={2013},
	publisher={CRC press}
}

@article{ellefsen2009multi,
	title={Multi-Factor Model of Correlated Commodity-Forward Curves for Crude Oil and Shipping Markets},
	author={Ellefsen, Per Einar and Sclavounos, Paul D},
	year={2009},
	publisher={MIT Center for Energy and Environmental Policy Research}
}

@book{feller2008introduction,
	title={An introduction to probability theory and its applications},
	author={Feller, Willliam},
	volume={2},
	year={2008},
	publisher={John Wiley \& Sons}
}

@book{larson2009calculus,
	title={Calculus, 9th Edition},
	author={Larson, Ron and Edwards, Bruce H},
	year={2009},
	publisher={Cengage Learning}
}

@book{fitzpatrick2006advanced,
	title={Advanced calculus},
	author={Fitzpatrick, Patrick},
	volume={5},
	year={2006},
	publisher={American Mathematical Soc.}
}

@book{natenberg2014option,
	title={Option Volatility and Pricing Workbook, Second Edition},
	author={Natenberg, S.},
	isbn={9780071819053},
	url={https://books.google.com/books?id=5calngEACAAJ},
	year={2014},
	publisher={McGraw-Hill Education}
}


@misc{cheng2008crash,
	title={A crash course on the Lebesgue integral and measure theory},
	author={Cheng, Steve},
	year={2008},
	publisher={Published online}
}

@book{meucci2009risk,
	title={Risk and asset allocation},
	author={Meucci, Attilio},
	year={2009},
	publisher={Springer Science \& Business Media}
}

@book{theil1971principles,
	title={Principles of econometrics},
	author={Theil, Henri},
	year={1971}
}

@book{jurgen2011statistics,
	title={Statistics of Financial Markets: An Introduction},
	author={J{\"u}rgen, Franke and H{\"a}rdle, Wolfgang and Hafner, Christian},
	year={2011},
	publisher={Springer}
}

@book{parkin2011macroeconomics,
	title={Macroeconomics},
	author={Parkin, M.},
	isbn={9780132997010},
	url={https://books.google.com/books?id=8VQuAAAAQBAJ},
	year={2011},
	publisher={Pearson Education}
}
@book{mcconnell2014macroeconomics,
	title={Macroeconomics},
	author={McConnell, C.},
	isbn={9780077660734},
	url={https://books.google.com/books?id=KHhzCgAAQBAJ},
	year={2014}
}

@book{blanchard2017macroeconomics,
	title={Macroeconomics},
	author={Blanchard, O. and Johnson, D.R.},
	isbn={9780133780581},
	lccn={2016001144},
	url={https://books.google.com/books?id=qfDmjgEACAAJ},
	year={2017},
	publisher={Pearson}
}
@book{acemoglu2008introduction,
	title={Introduction to modern economic growth},
	author={Acemoglu, Daron},
	year={2008},
	publisher={Princeton University Press}
}

@book{feenstra2011international,
	title={International Macroeconomics},
	author={Feenstra, R.C. and Taylor, A.M.},
	isbn={9781429241038},
	lccn={2010935913},
	url={https://books.google.com/books?id=\_O0zoVSHAhUC},
	year={2011},
	publisher={Worth Publishers}
}


@book{roncalli2016lecture,
	title={Lecture Notes on Risk Management \& Financial Regulation},
	author={Roncalli, Thierry},
	year={2016}
}

@book{jorion2006value,
	title={Value at Risk, 3rd Ed.: The New Benchmark for Managing Financial Risk},
	author={Jorion, P.},
	isbn={9780071736923},
	lccn={2006015513},
	url={https://books.google.com/books?id=nnblKhI7KP8C},
	year={2006},
	publisher={McGraw-Hill Education}
}

@book{hull2012risk,
	title={Risk management and financial institutions,+ Web Site},
	author={Hull, John},
	volume={733},
	year={2012},
	publisher={John Wiley \& Sons}
}


@book{alexander2009market,
	title={Market Risk Analysis, Value at Risk Models},
	author={Alexander, C.},
	isbn={9780470745076},
	series={Market Risk Analysis},
	url={https://books.google.com/books?id=j5l82vMfcbQC},
	year={2009},
	publisher={Wiley}
}


@book{gradshteyn2014table,
	title={Table of integrals, series, and products},
	author={Gradshteyn, Izrail Solomonovich and Ryzhik, Iosif Moiseevich},
	year={2014},
	publisher={Academic press}
}

@book{enders2014applied,
	title={Applied Econometric Time Series, 4th Edition},
	author={Enders, W.},
	isbn={9781118918661},
	lccn={2014014356},
	series={Wiley Series in Probability and Statistics},
	url={https://books.google.com/books?id=GP1EBQAAQBAJ},
	year={2014},
	publisher={Wiley}
}


@book{vernimmen2014corporate,
	title={Corporate finance: theory and practice},
	author={Vernimmen, Pierre and Quiry, Pascal and Dallocchio, Maurizio and Le Fur, Yann and Salvi, Antonio},
	year={2014},
	publisher={John Wiley \& Sons}
}

@book{berk2016corporate,
	title={Corporate Finance},
	author={Berk, J. and DeMarzo, P.},
	isbn={9780134101415},
	url={https://books.google.com/books?id=6fnEDAAAQBAJ},
	year={2016},
	publisher={Pearson Education}
}

@book{macho2001introduction,
	title={An introduction to the economics of information: incentives and contracts},
	author={Macho-Stadler, In{\'e}s and P{\'e}rez-Castrillo, J David},
	year={2001},
	publisher={Oxford University Press on Demand}
}


@book{gibbons1992game,
	title={Game theory for applied economists},
	author={Gibbons, Robert},
	year={1992},
	publisher={Princeton University Press}
}

@book{duren2012invitation,
	title={Invitation to classical analysis},
	author={Duren, Peter L},
	volume={17},
	year={2012},
	publisher={American Mathematical Soc.}
}

@book{christensen2010functions,
	title={Functions, spaces, and expansions: mathematical tools in physics and engineering},
	author={Christensen, Ole},
	year={2010},
	publisher={Springer Science \& Business Media}
}

@book{folland2013real,
	title={Real analysis: modern techniques and their applications},
	author={Folland, Gerald B},
	year={2013},
	publisher={John Wiley \& Sons}
}

@book{fudenberg1991game,
	title={Game Theory},
	author={Fudenberg, D. and Tirole, J.},
	isbn={9780262061414},
	lccn={91002301},
	url={https://books.google.com/books?id=pFPHKwXro3QC},
	year={1991},
	publisher={MIT Press}
}


@book{subbaRao2017timeSeries,
	title={A course in time series analysis lecture notes},
	author={Subba Rao, Suhasini},
	year={2017},
	publisher={Texas A \& M}
}

@book{krishnamoorthy2016handbook,
	title={Handbook of statistical distributions with applications},
	author={Krishnamoorthy, Kalimuthu},
	year={2016},
	publisher={CRC Press}
}

@book{murphy2012machine,
	title={Machine learning: a probabilistic perspective},
	author={Murphy, Kevin P},
	year={2012},
	publisher={MIT press}
}

@book{montgomery2012introduction,
	title={Introduction to linear regression analysis},
	author={Montgomery, Douglas C and Peck, Elizabeth A and Vining, G Geoffrey},
	volume={821},
	year={2012},
	publisher={John Wiley \& Sons}
}

@book{homescu2014many,
	title={Many risks, one (optimal) portfolio},
	author={Homescu, Cristian},
	year={2014},
	publisher={SSRN}
}

@book{fabozzi2016portfolio,
	title={Portfolio Construction and Analytics},
	author={Fabozzi, F.J. and Pachamanova, D.A.},
	isbn={9781119238164},
	lccn={2015040278},
	series={Frank J. Fabozzi Series},
	url={https://books.google.com/books?id=0OTFCwAAQBAJ},
	year={2016},
	publisher={Wiley}
}


@book{grinold1999active,
	title={Active Portfolio Management: A Quantitative Approach for Producing Superior Returns and Selecting Superior Returns and Controlling Risk},
	author={Grinold, R.C. and Kahn, R.N.},
	isbn={9780071376952},
	series={McGraw-Hill Library of Investment and Finance},
	url={https://books.google.com/books?id=aSDkFQtysy8C},
	year={1999},
	publisher={McGraw-Hill Education}
}


@book{bali2016empirical,
	title={Empirical Asset Pricing: The Cross Section of Stock Returns},
	author={Bali, T.G. and Engle, R.F. and Murray, S.},
	isbn={9781118095041},
	lccn={2015036767},
	series={Wiley Series in Probability and Statistics},
	url={https://books.google.com/books?id=svKlCgAAQBAJ},
	year={2016},
	publisher={Wiley}
}


@book{gentle2017matrix,
	title={Matrix Algebra: Theory, Computations and Applications in Statistics},
	author={Gentle, J.E.},
	isbn={9783319648675},
	series={Springer Texts in Statistics},
	url={https://books.google.com/books?id=HdQ5DwAAQBAJ},
	year={2017},
	publisher={Springer International Publishing}
}

@book{cameron2005microeconometrics,
	title={Microeconometrics: methods and applications},
	author={Cameron, A Colin and Trivedi, Pravin K},
	year={2005},
	publisher={Cambridge university press}
}

@book{hill2008principles,
	title={Principles of econometrics},
	author={Hill, R Carter and Griffiths, William E and Lim, Guay C},
	volume={5},
	year={2008},
	publisher={Wiley Hoboken, NJ}
}

@article{cario1997modeling,
	title={Modeling and generating random vectors with arbitrary marginal distributions and correlation matrix},
	author={Cario, Marne C and Nelson, Barry L},
	year={1997}
}

@book{goodfellow2016deep,
	title={Deep learning},
	author={Goodfellow, Ian and Bengio, Yoshua and Courville, Aaron and Bengio, Yoshua},
	volume={1},
	year={2016},
	publisher={MIT press Cambridge}
}

@article{bottou2010large,
	title={Large-scale machine learning with stochastic gradient descent},
	author={Bottou, L{\'e}on},
	year={2010},
	publisher={Springer}
}

@book{manning1999foundations,
	title={Foundations of statistical natural language processing},
	author={Manning, Christopher D and Sch{\"u}tze, Hinrich},
	year={1999},
	publisher={MIT press}
}

@book{schmitz2003copulas,
	title={Copulas and stochastic processes},
	author={Schmitz, Volker},
	year={2003},
	publisher={Bibliothek der RWTH Aachen}
}

@book{cherubini2004copula,
	title={Copula methods in finance},
	author={Cherubini, Umberto and Luciano, Elisa and Vecchiato, Walter},
	year={2004},
	publisher={John Wiley \& Sons}
}

@book{remillard2013statistical,
	title={Statistical methods for financial engineering},
	author={Remillard, Bruno},
	year={2013},
	publisher={CRC Press}
}

@book{fabozzi2016portfolio,
	title={Portfolio construction and analytics},
	author={Fabozzi, Frank J and Pachamanova, Dessislava A},
	year={2016},
	publisher={John Wiley \& Sons}
}

@article{gatheral2014arbitrage,
	title={Arbitrage-free SVI volatility surfaces},
	author={Gatheral, Jim and Jacquier, Antoine},
	journal={Quantitative Finance},
	volume={14},
	number={1},
	pages={59--71},
	year={2014},
	publisher={Taylor \& Francis}
}

@book{kissell2013science,
	title={The science of algorithmic trading and portfolio management},
	author={Kissell, Robert},
	year={2013},
	publisher={Academic Press}
}

@book{gueant2016financial,
	title={The financial mathematics of market liquidity: From optimal execution to market making},
	author={Gu{\'e}ant, Olivier},
	volume={33},
	year={2016},
	publisher={CRC Press}
}

@article{kercheval2015modelling,
	title={Modelling high-frequency limit order book dynamics with support vector machines},
	author={Kercheval, Alec N and Zhang, Yuan},
	journal={Quantitative Finance},
	volume={15},
	number={8},
	pages={1315--1329},
	year={2015},
	publisher={Taylor \& Francis}
}

@article{cont2010stochastic,
	title={A stochastic model for order book dynamics},
	author={Cont, Rama and Stoikov, Sasha and Talreja, Rishi},
	journal={Operations research},
	volume={58},
	number={3},
	pages={549--563},
	year={2010},
	publisher={Informs}
}

@article{rad2016profitability,
	title={The profitability of pairs trading strategies: distance, cointegration and copula methods},
	author={Rad, Hossein and Low, Rand Kwong Yew and Faff, Robert},
	journal={Quantitative Finance},
	volume={16},
	number={10},
	pages={1541--1558},
	year={2016},
	publisher={Taylor \& Francis}
}

@book{chan2013algorithmic,
	title={Algorithmic Trading: Winning Strategies and Their Rationale},
	author={Chan, E.},
	isbn={9781118746912},
	lccn={2013013044},
	series={Wiley Trading},
	url={https://books.google.com/books?id=CIwCTVqEj4oC},
	year={2013},
	publisher={Wiley}
}


@book{moore2017advanced,
	title={Advanced Algorithmic Trading},
	author={Moore, H. Michael},
	year={2017},
	publisher={Moore, H. Michael}
}

@book{campolieti2016financial,
	title={Financial mathematics: a comprehensive treatment},
	author={Campolieti, Giuseppe and Makarov, Roman N},
	year={2016},
	publisher={CRC Press}
}


@article{borovkova2007closed,
	title={A closed form approach to the valuation and hedging of basket and spread options},
	author={Borovkova, Svetlana and Permana, Ferry J and Weide, Hans VD},
	journal={Journal of Derivatives},
	volume={14},
	number={4},
	pages={8},
	year={2007},
	publisher={Euromoney Institutional Investor PLC}
}

@book{pinto2015fixed,
	title={Fixed Income Analysis 3rd Edition},
	author={Pinto, J.E. and Petitt, B. and Pirie, W.L.},
	isbn={9781118999509},
	series={CFA Institute Investment Series},
	url={https://books.google.com/books?id=rOgbBgAAQBAJ},
	year={2015},
	publisher={Wiley}
}


@book{fabozzi2015bond,
	title={Bond Markets, Analysis, and Strategies},
	author={Fabozzi, F.J.},
	isbn={9780133797138},
	url={https://books.google.com/books?id=a7WgBwAAQBAJ},
	year={2015},
	publisher={Pearson Education}
}


@book{defusco2015quantitative,
	title={Quantitative investment analysis},
	author={DeFusco, Richard A and McLeavey, Dennis W and Pinto, Jerald E and Anson, Mark JP and Runkle, David E},
	year={2015},
	publisher={John Wiley \& Sons}
}

@article{burmeister1994practitioner,
	title={A practitioner's guide to arbitrage pricing theory},
	author={Burmeister, Edwin and Roll, Richard and Ross, Stephen A},
	year={1994},
	publisher={CFA Institute}
}

@article{ross1976arbitrage,
	title={The arbitrage theory of capital asset pricing},
	author={Ross, Stephen},
	journal={Journal of Economic Theory},
	volume={13},
	number={3},
	pages={341--360},
	year={1976},
	publisher={Elsevier}
}

@article{white2013pricing,
	title={The pricing and risk management of credit default swaps, with a focus on the isda model},
	author={White, Richard},
	journal={OpenGamma Quantitative Research},
	volume={16},
	year={2013}
}

@book{cornuejols2006optimization,
	title={Optimization methods in finance},
	author={Cornuejols, Gerard and T{\"u}t{\"u}nc{\"u}, Reha},
	volume={5},
	year={2006},
	publisher={Cambridge University Press}
}

@book{henry2010equity,
	title={Equity asset valuation},
	author={Henry, Elaine and Robinson, Thomas R and Stowe, John D and others},
	volume={27},
	year={2010},
	publisher={John Wiley \& Sons}
}

@book{roncoroni2015handbook,
	title={Handbook of multi-commodity markets and products: structuring, trading and risk management},
	author={Roncoroni, Andrea and Fusai, Gianluca and Cummins, Mark},
	year={2015},
	publisher={John Wiley \& Sons}
}

@article{burmeister1994practitioner,
	title={A practitioner's guide to arbitrage pricing theory},
	author={Burmeister, Edwin and Roll, Richard and Ross, Stephen A},
	year={1994},
	publisher={CFA Institute}
}

@article{fama1993common,
	title={Common risk factors in the returns on stocks and bonds},
	author={Fama, Eugene F and French, Kenneth R},
	journal={Journal of financial economics},
	volume={33},
	number={1},
	pages={3--56},
	year={1993},
	publisher={Elsevier}
}

@article{fama1992cross,
	title={The cross-section of expected stock returns},
	author={Fama, Eugene F and French, Kenneth R},
	journal={the Journal of Finance},
	volume={47},
	number={2},
	pages={427--465},
	year={1992},
	publisher={Wiley Online Library}
}

@book{maginn2007managing,
	title={Managing investment portfolios: a dynamic process},
	author={Maginn, John L and Tuttle, Donald L and McLeavey, Dennis W and Pinto, Jerald E and others},
	volume={3},
	year={2007},
	publisher={John Wiley \& Sons}
}

@article{Fama2014Five,

	author = {Fama, Eugene F. and French, Kenneth R.},
	doi = {10.2139/ssrn.2287202},
	file = {:E$\backslash$:/Dropbox/readinglist/finance fun book/references/SSRN-id2287202.pdf:pdf},
	isbn = {0304-405X},
	issn = {1556-5068},
	journal = {Journal of Financial Economics},
	mendeley-groups = {Factor models},
	number = {1},
	pages = {1--22},
	pmid = {1667757709},
	title = {{A five-factor asset pricing model}},
	volume = {116},
	year = {2014}
}


@article{Bender2013Foundation,
	journal = {Msci},
	number = {December},
	pages = {33},
	title = {{Foundations of Factor Investing}},
	url = {http://www.msci.com/resources/pdfs/Foundations{\_}of{\_}Factor{\_}Investing.pdf},
	year = {2013}
}


@article{carhart1997persistence,
	title={On persistence in mutual fund performance},
	author={Carhart, Mark M},
	journal={The Journal of finance},
	volume={52},
	number={1},
	pages={57--82},
	year={1997},
	publisher={Wiley Online Library}
}
@article{pastor2003liquidity,
	title={Liquidity risk and expected stock returns},
	author={P{\'a}stor, L'ubo{\v{s}} and Stambaugh, Robert F},
	journal={Journal of Political economy},
	volume={111},
	number={3},
	pages={642--685},
	year={2003},
	publisher={The University of Chicago Press}
}

@article{de2006fundamental,
	title={The fundamental law of active portfolio management},
	author={de Silva, Harindra and Thorley, Steven and Clarke, Roger G},
	year={2006}
}

@article{abbas2014study,
	title={A Study to Check the Applicability of Fama and French, Three-Factor Model on KSE 100-Index from 2004-2014},
	author={Abbas, Nahzat and Khan, Jahanzeb and Aziz, Rabia and Sumrani, Zain},
	journal={International Journal of Financial Research},
	volume={6},
	number={1},
	pages={90},
	year={2014}
}

@article{Pykhtin2010,
	author = {Pykhtin, Michael and Rosen, Dan},
	doi = {10.2139/ssrn.1782063},
	file = {:E$\backslash$:/Dropbox/readinglist/finance fun book/references/cva{\_}allocations.pdf:pdf},
	isbn = {3491338573},
	issn = {1556-5068},
	journal = {SSRN Electronic Journal},
	keywords = {CVA, counterparty risk, derivatives, credit exposu},
	title = {{Pricing Counterparty Risk at the Trade Level and CVA Allocations}},
	url = {http://www.ssrn.com/abstract=1782063},
	year = {2010}
}

@book{tuckman2011fixed,
	title={Fixed income securities: tools for today's markets},
	author={Tuckman, Bruce and Serrat, Angel},
	volume={626},
	year={2011},
	publisher={John Wiley \& Sons}
}

@article{Hagan2008Methods,
	journal = {WILMOTT Magazine, May},
	keywords = {discount factors,fixed income,interpolation,yield curve},
	mendeley-groups = {interest rate},
	number = {March},
	pages = {70--81},
	title = {{Methods for constructing a yield curve}},
	url = {http://finmod.co.za/Methods For Constructing A Yield Curve.pdf},
	year = {2008}
}


@book{de2018advances,
	title={Advances in financial machine learning},
	author={de Prado, Marcos Lopez},
	year={2018},
	publisher={John Wiley \& Sons}
}

@book{Beachy2006abstract,
	title =      {Abstract Algebra},
	author =      {John A. Beachy, William D. Blair},
	year={2006},
	publisher={Waveland press inc.}
}

@book{privault2012elementary,
	title={An elementary introduction to stochastic interest rate modeling},
	author={Privault, Nicolas},
	volume={16},
	year={2012},
	publisher={World scientific}
}

@article{jorion2003portfolio,
	title={Portfolio optimization with tracking-error constraints},
	author={Jorion, Philippe},
	journal={Financial Analysts Journal},
	volume={59},
	number={5},
	pages={70--82},
	year={2003},
	publisher={CFA Institute}
}

@article{maillard2008properties,
	title={On the properties of equally-weighted risk contributions portfolios},
	author={Maillard, S{\'e}bastien and Roncalli, Thierry and Te{\"\i}letche, J{\'e}r{\^o}me},
	year={2008}
}

@article{pykhtin2010pricing,
	title={Pricing counterparty risk at the trade level and CVA allocations},
	author={Pykhtin, Michael and Rosen, Dan},
	year={2010}
}

@article{reiswich2010guide,
	title={A guide to FX options quoting conventions},
	author={Reiswich, Dimitri and Wystup, Uwe},
	journal={Journal of Derivatives},
	volume={18},
	number={2},
	pages={58},
	year={2010},
	publisher={Euromoney Institutional Investor PLC}
}

@article{reiswich2012fx,
	title={FX volatility smile construction},
	author={Reiswich, Dimitri and Uwe, Wystup},
	journal={Wilmott},
	volume={2012},
	number={60},
	pages={58--69},
	year={2012},
	publisher={Wiley Online Library}
}

@book{castagna2010fx,
	title={Fx options and smile risk},
	author={Castagna, Antonio},
	year={2010},
	publisher={John Wiley \& Sons}
}

@book{corb2012interest,
	title={Interest Rate Swaps and Other Derivatives},
	author={Corb, H.M.},
	isbn={9780231530361},
	lccn={2012001490},
	series={Columbia Business School Publishing},
	url={https://books.google.com/books?id=Gc0W0Y1CsDgC},
	year={2012},
	publisher={Columbia University Press}
}

@book{grbac2015interest,
	title={Interest rate modeling: post-crisis challenges and approaches},
	author={Grbac, Zorana and Runggaldier, Wolfgang J},
	year={2015},
	publisher={Springer}
}


@book{henrard2014interest,
	title={Interest rate modelling in the multi-curve framework: Foundations, evolution and implementation},
	author={Henrard, Marc},
	year={2014},
	publisher={Springer}
}

@article{lee2012displaced,
	title={Displaced lognormal volatility skews: analysis and applications to stochastic volatility simulations},
	author={Lee, Roger and Wang, Dan},
	journal={Annals of Finance},
	volume={8},
	number={2-3},
	pages={159--181},
	year={2012},
	publisher={Springer}
}

@article{iwasawa2013analytical,
	title={Analytical formula for the European normal Black Scholes formula},
	author={Iwasawa, Kazuhiro},
	journal={Unpublished working paper, viewed},
	volume={27},
	year={2013}
}

@article{yu2013derivations,
	title={On Derivations of Black-Scholes Greek Letters},
	author={Yu, Xisheng and Xie, Xiaoke},
	journal={Research Journal of Finance and Accounting},
	volume={4},
	number={6},
	pages={80--85},
	year={2013}
}

@book{gatheral2011volatility,
	title={The volatility surface: a practitioner's guide},
	author={Gatheral, Jim},
	volume={357},
	year={2011},
	publisher={John Wiley \& Sons}
}

@article{piterbarg2009rates,
	title={Rates squared},
	author={Piterbarg, Vladimir},
	journal={Risk},
	volume={22},
	number={1},
	pages={100},
	year={2009},
	publisher={Incisive Media Limited}
}

@book{filipovic2009term,
	title={Term-Structure Models: A Graduate Course},
	author={Filipovic, D.},
	isbn={9783540680154},
	lccn={2009933038},
	series={Springer Finance},
	url={https://books.google.com/books?id=KqcSh6CavaAC},
	year={2009},
	publisher={Springer Berlin Heidelberg}
}

@article{schwartz1997stochastic,
	title={The stochastic behavior of commodity prices: Implications for valuation and hedging},
	author={Schwartz, Eduardo S},
	journal={The journal of finance},
	volume={52},
	number={3},
	pages={923--973},
	year={1997},
	publisher={Wiley Online Library}
}

@article{oxford2004valuation,
	number = {734386},
	title = {{On the Valuation of Mark-to-Market Basis Cross Currency Swaps}},
	volume = {5},
	year = {2014}
}

@article{li1999default,
	title={On default correlation: A copula function approach},
	author={Li, David X},
	year={1999}
}

@article{ghamami2014stochastic,
	title={Stochastic intensity models of wrong way risk: wrong way CVA need not exceed independent CVA},
	author={Ghamami, Samim and Goldberg, Lisa},
	year={2014}
}


@article{pykhtin2009modeling,
	title={Modeling credit exposure for collateralized counterparties},
	author={Pykhtin, Michael},
	journal={The Journal of Credit risk},
	volume={5},
	number={4},
	pages={3},
	year={2009},
	publisher={Incisive Media Limited}
}

@article{hull2012cva,
	title={CVA AND WRONG WAY RISK},
	author={Hull, John and White, Alan},
	journal={Financial Analysts Journal},
	volume={68},
	number={5},
	pages={58--69},
	year={2012}
}
@article{li2016jumping,
	title={Jumping with default: wrong-way-risk modeling for credit valuation adjustment},
	author={Li, Minqiang and Mercurio, Fabio},
	year={2016}
}


@article{Kanungo2002efficient,
	author = {Kanungo, Tapas and Mount, D.M. and Netanyahu, N.S. and Piatko, C.D. and Silverman, Ruth and Wu, A.Y.},
	doi = {10.1109/TPAMI.2002.1017616},
	eprint = {arXiv:0711.0189v1},
	file = {:E$\backslash$:/Dropbox/readinglist/machine learning/papers/Ref-1{\_}k-means.pdf:pdf},
	isbn = {978-1-4673-0892-2},
	issn = {0162-8828},
	journal = {IEEE Transactions on Pattern Analysis and Machine Intelligence},
	number = {7},
	pages = {881--892},
	pmid = {19784854},
	title = {{An efficient k-means clustering algorithm: analysis and implementation}},
	volume = {24},
	year = {2002}
}


@article{Erb2006Tactical,
	author = {Erb, Claude B and Harvey, Campbell R},
	doi = {10.2139/ssrn.650923},
	eprint = {arXiv:1011.1669v3},
	file = {:E$\backslash$:/Dropbox/readinglist/finance fun book/references/faj.v62.n2.4084.pdf:pdf},
	isbn = {0015-198X},
	issn = {1556-5068},
	journal = {National Bureau of Economic Research},
	keywords = {backwardation,commodity correlation,commodity risk factors,commodity term structure,commodity trading strategies,contango,convenience yield,diversification return,market timing,momentum,normal,portfolio rebalancing,roll return,storability,strategic asset allocation,tactical asset allocation},
	number = {2},
	pages = {1--61},
	pmid = {25246403},
	title = {{The Tactical and Strategic Value of Commodity Futures}},
	volume = {62},
	year = {2006}
}


@article{Miffre2007Momentum,
	author = {Miffre, J and Rallis, G},
	doi = {10.1016/j.jbankfin.2006.12.005},
	file = {:E$\backslash$:/Dropbox/readinglist/finance fun book/references/Momentum{\_}Strategies.pdf:pdf},
	isbn = {0378-4266},
	issn = {03784266},
	journal = {Journal of Banking {\&} Finance},
	keywords = {Business {\&} Economics,backwardation,commodity futures,contango,diversification,momentum,profitability,returns,risk premiums},
	number = {6},
	pages = {1863--1886},
	title = {{Momentum strategies in commodity futures markets}},
	volume = {31},
	year = {2007}
}


@article{Fuertes2010Tactical,
	author = {Fuertes, Ana Maria and Miffre, Jo{\"{e}}lle and Rallis, Georgios},
	doi = {10.1016/j.jbankfin.2010.04.009},
	file = {:E$\backslash$:/Dropbox/readinglist/finance fun book/references/Fuertes{\_}Miffre{\_}Rallis{\_}JBF2010{\%}28CRO{\%}29.pdf:pdf},
	isbn = {0378-4266},
	issn = {03784266},
	journal = {Journal of Banking and Finance},
	keywords = {Commodity futures,Double-sort strategy,Momentum,Term structure},
	number = {10},
	pages = {2530--2548},
	title = {{Tactical allocation in commodity futures markets: Combining momentum and term structure signals}},
	volume = {34},
	year = {2010}
}


@article{hagan2005convexity,
	title={Convexity conundrums: Pricing CMS swaps, caps, and floors},
	author={Hagan, Patrick S},
	journal={The Best of Wilmott},
	pages={305},
	year={2005}
}

@book{devore2015probability,
	title={Probability and Statistics for Engineering and the Sciences},
	author={Devore, Jay L},
	year={2015},
	publisher={Cengage learning}
}

@book{pliskaintroduction,
	title={Introduction to Mathematical Finance: Discrete Time Models},
	author={Pliska, SR},
	year={1997},
	publisher={Blackwell: Malden, MA}
}

@article{wilmott2002cliquet,
	title={Cliquet options and volatility models},
	author={Wilmott, Paul},
	journal={The best of Wilmott},
	pages={379},
	year={2002}
}

@book{bjork2009arbitrage,
	title={Arbitrage theory in continuous time},
	author={Bj{\"o}rk, Tomas},
	year={2009},
	publisher={Oxford university press}
}

@book{davidson2014mortgage,
	title={Mortgage Valuation Models: Embedded Options, Risk, and Uncertainty},
	author={Davidson, Andrew and Levin, Alexander},
	year={2014},
	publisher={Oxford University Press}
}

@article{o2003valuation,
	title={Valuation of credit default swaps},
	author={O’Kane, Dominic and Turnbull, Stuart},
	journal={Lehman Brothers quantitative credit research quarterly},
	volume={2003},
	number={Q1--Q2},
	year={2003}
}

@article{o2005credit,
	title={Credit spreads explained},
	author={O’Kane, Dominic and Sen, Saurav},
	journal={Journal of Credit Risk},
	volume={1},
	number={2},
	pages={61--78},
	year={2005}
}

@book{fabozzi1993fixed,
	title={Fixed income mathematics, 3rd Ed},
	author={Fabozzi, Frank},
	year={1993},
	publisher={McGraw-hill}
}


@book{chin2017problems,
	title={Problems and Solutions in Mathematical Finance: Equity Derivatives},
	author={Chin, Eric and Nel, Dian and {\~A}lafsson, Sverrir},
	volume={2},
	year={2017},
	publisher={John Wiley \& Sons}
}

@book{corb2012interest,
	title={Interest rate swaps and other derivatives},
	author={Corb, Howard},
	year={2012},
	publisher={Columbia University Press}
}


@article{derman1996implied,
	title={Implied trinomial trees of the volatility smile},
	author={Derman, Emanuel and Kani, Iraj and Goldman, Neil Chriss},
	journal={Journal of Derivatives},
	year={1996},
	organization={Citeseer}
}
@article{derman1996volatility,
	title={The volatility smile and its implied tree},
	author={Derman, Emanuel and Kani, Iraj},
	journal={Quantitative strategies research notes},
	year={1994},
	organization={Citeseer}
}
@article{gurrieri2009calibration,
	title={Calibration methods of Hull-White model},
	author={Gurrieri, S{\'e}bastien and Nakabayashi, Masaki and Wong, Tony},
	year={2009}
}

@book{mikhailov2004heston,
	title={Heston’s stochastic volatility model: Implementation, calibration and some extensions},
	author={Mikhailov, Sergei and N{\"o}gel, Ulrich},
	year={2004},
	publisher={John Wiley and Sons}
}

@book{zhu2009applications,
	title={Applications of Fourier transform to smile modeling: Theory and implementation},
	author={Zhu, Jianwei},
	year={2009},
	publisher={Springer Science \& Business Media}
}

@book{lewis2009option,
	title={Option Valuation Under Stochastic Volatility II},
	author={Lewis, Alan L},
	year={2009},
	publisher={Finance Press, Newport Beach, CA}
}

@book{cesari2009modelling,
	title={Modelling, pricing, and hedging counterparty credit exposure: A technical guide},
	author={Cesari, Giovanni and Aquilina, John and Charpillon, Niels and Filipovic, Zlatko and Lee, Gordon and Manda, Ion},
	year={2009},
	publisher={Springer Science \& Business Media}
}

@article{berd2003estimating,
	title={Estimating implied default probabilities from credit bond prices},
	author={Berd, A and Mashal, Roy and Wang, Peili},
	journal={Fixed income-quantitative credit research, Lehman Brothers},
	volume={7},
	year={2003}
}

@article{berd2009defining1,
	title={Defining, estimating and using credit term structures. Part 1: Consistent Valuation Measures},
	author={Berd, Arthur M and Mashal, Roy and Wang, Peili},
	year={2009}
}

@article{berd2009defining2,
	title={Defining, estimating and using credit term structures. Part 2: Consistent Risk Measures},
	author={Berd, Arthur M and Mashal, Roy and Wang, Peili},
	year={2004}
}

@article{berd2009defining3,
	title={Defining, estimating and using credit term structures. Part 3: Consistent CDS-Bond Basis},
	author={Berd, Arthur M and Mashal, Roy and Wang, Peili},
	year={2004}
}

@article{deng2011modeling,
	title={Modeling autocallable structured products},
	author={Deng, Geng and Mallett, Joshua and McCann, Craig},
	journal={Journal of Derivatives \& Hedge Funds},
	volume={17},
	number={4},
	pages={326--340},
	year={2011},
	publisher={Springer}
}

@article{berd2003estimating,
	title={Estimating implied default probabilities from credit bond prices},
	author={Berd, A and Mashal, Roy and Wang, Peili},
	journal={Fixed income-quantitative credit research, Lehman Brothers},
	volume={7},
	year={2003}
}

@book{campbell1997econometrics,
	title={The econometrics of financial markets},
	author={Campbell, John Y and Lo, Andrew W and MacKinlay, Archie Craig and others},
	volume={2},
	year={1997},
	publisher={princeton University press Princeton, NJ}
}

@article{black1973pricing,
	title={The pricing of options and corporate liabilities},
	author={Black, Fischer and Scholes, Myron},
	journal={Journal of political economy},
	volume={81},
	number={3},
	pages={637--654},
	year={1973},
	publisher={The University of Chicago Press}
}

@article{harrison1981martingales,
	title={Martingales and stochastic integrals in the theory of continuous trading},
	author={Harrison, J Michael and Pliska, Stanley R},
	journal={Stochastic processes and their applications},
	volume={11},
	number={3},
	pages={215--260},
	year={1981},
	publisher={Elsevier}
}

@book{back2006course,
	title={A course in derivative securities: Introduction to theory and computation},
	author={Back, Kerry},
	year={2006},
	publisher={Springer Science \& Business Media}
}

@article{sciacchitano2015collaborative,
	title={Collaborative framework for PIV uncertainty quantification: comparative assessment of methods},
	author={Sciacchitano, Andrea and Neal, Douglas R and Smith, Barton L and Warner, Scott O and Vlachos, Pavlos P and Wieneke, Bernhard and Scarano, Fulvio},
	journal={Measurement Science and Technology},
	volume={26},
	number={7},
	pages={074004},
	year={2015},
	publisher={IOP Publishing}
}

@article{kerkhof2005inflation,
	title={Inflation derivatives explained},
	author={Kerkhof, Jeroen},
	year={2005}
}

@book{bouchaud2018trades,
	title={Trades, quotes and prices: financial markets under the microscope},
	author={Bouchaud, Jean-Philippe and Bonart, Julius and Donier, Jonathan and Gould, Martin},
	year={2018},
	publisher={Cambridge University Press}
}

@article{bukkapatanam15multi,
	title={Multi factor models for the commodities futures curve: Forecasting and pricing},
	author={Bukkapatanam, Vibhav and Doraiswamy, Sanjay Thirumalai},
	journal={Futures},
	volume={15},
	pages={20}
}

@article{daglish2007volatility,
	title={Volatility surfaces: theory, rules of thumb, and empirical evidence},
	author={Daglish, Toby and Hull, John and Suo, Wulin},
	journal={Quantitative Finance},
	volume={7},
	number={5},
	pages={507--524},
	year={2007},
	publisher={Taylor \& Francis}
}


@techreport{ladd2011some,
	title={Some Applications of Martingales to Probability Theory},
	author={Ladd, WATSON},
	year={2011},
	institution={Technical Report, University of Chicago}
}

@book{capinski2013probability,
	title={Probability through problems},
	author={Capinski, Marek and Zastawniak, Tomasz Jerzy},
	year={2013},
	publisher={Springer Science \& Business Media}
}


@book{grimmett2001one,
	title={One thousand exercises in probability},
	author={Grimmett, Geoffrey and Stirzaker, David},
	year={2001},
	publisher={Oxford University Press}
}

@article{grzelak2012cross,
	title={On cross-currency models with stochastic volatility and correlated interest rates},
	author={Grzelak, Lech A and Oosterlee, Cornelis W},
	journal={Applied Mathematical Finance},
	volume={19},
	number={1},
	pages={1--35},
	year={2012},
	publisher={Taylor \& Francis}
}

@article{seni2010ensemble,
	title={Ensemble methods in data mining: improving accuracy through combining predictions},
	author={Seni, Giovanni and Elder, John F},
	journal={Synthesis Lectures on Data Mining and Knowledge Discovery},
	volume={2},
	number={1},
	pages={1--126},
	year={2010},
	publisher={Morgan \& Claypool Publishers}
}

@book{zhou2012ensemble,
	title={Ensemble methods: foundations and algorithms},
	author={Zhou, Zhi-Hua},
	year={2012},
	publisher={Chapman and Hall/CRC}
}

@book{schapire2012boosting,
	title={Boosting: Foundations and algorithms},
	author={Schapire, Robert E and Freund, Yoav},
	year={2012},
	publisher={MIT press}
}

@article{drucker1997improving,
	title={Improving regressors using boosting techniques},
	author={Drucker, Harris},
	journal={ICML},
	volume={97},
	pages={107--115},
	year={1997}
}

@article{friedman2001greedy,
	title={Greedy function approximation: a gradient boosting machine},
	author={Friedman, Jerome H},
	journal={Annals of statistics},
	pages={1189--1232},
	year={2001},
	publisher={JSTOR}
}

@book{greene2017econometric,
	title={Econometric Analysis},
	author={Greene, W.H.},
	isbn={9780134461366},
	url={https://books.google.com/books?id=Gqh2AQAACAAJ},
	year={2017},
	publisher={Pearson}
}


@book{tan2013introduction,
	title={Introduction to Data Mining: Pearson New International Edition},
	author={Tan, P.N. and Steinbach, M. and Kumar, V.},
	isbn={9781292038551},
	url={https://books.google.com/books?id=jC6pBwAAQBAJ},
	year={2013},
	publisher={Pearson Education Limited}
}
